3510 5304
866 363 1080 425 ..44-

358 545 446 611 ribus
467 544 619 612 molestiis
640 545 793 613 sudarent
818 551 851 613 ot
882 546 957 614 boni
989 544 1188 614 efficerentur
1220 548 1343 617 milites.
1397 549 1520 634 Corpus
1552 554 1590 618 et

358 656 495 723 animum
525 654 667 723 excolere
694 658 854 725 volebant:
890 659 964 724 huic
985 658 1033 724 rei
1053 658 1312 743 philosophorum
1344 662 1472 729 scholae
1505 680 1588 744 quas

358 765 609 851 frequentabant,
631 767 676 833 illi
698 768 744 834 rei
766 787 848 836 unus
869 769 1056 852 paedotriba
1078 776 1111 837 et
1132 770 1357 853 hoplomachus
1379 773 1456 838 satis
1485 773 1587 839 inser·

358 878 493 945 aiebant.
533 880 729 961 Quamquam
751 881 847 947 etiarn
868 885 944 949 tunc
965 885 1084 949 certam
1112 882 1187 948 anni
1214 888 1337 964 partem
1369 881 1446 950 fines
1481 890 1590 952 terrae

359 990 484 1057 Atticae
498 991 727 1074 perlustrantes
748 992 782 1057 in
803 992 984 1080 περιπολείᾳ
1006 993 1153 1059 videntur
1175 994 1414 1077 consumpsisse.
1464 994 1589 1078 Colligo

359 1121 398 1168 ex
419 1102 468 1167 tic.
493 1098 558 1167 del.
583 1102 643 1182 ΙΙΙ,
664 1123 695 1186 p.
720 1108 792 1183 350,
816 1109 831 1168 l
858 1103 1038 1190 θράσολλος
1059 1104 1245 1194 ἐφηβεύοας
1272 1142 1313 1152 -
1341 1107 1390 1169 καὶ
1417 1129 1590 1194 exprop-

354 1214 487 1303 χῆοος
514 1214 575 1279 κτλ.
625 1215 706 1281 Item
735 1215 767 1282 in
796 1213 1036 1297 1111111115,
1061 1222 1075 1281 1
1101 1222 1210 1285 vs.46
1245 1222 1496 1285 conmemoratur
1525 1220 1590 1298 xu]l

360 1324 510 1413 drapani
511 1348 535 1411 p
538 1325 695 1414 mosa]
727 1325 851 1414 ἡμέρας
883 1330 975 1413 τρεῖς.
1027 1327 1124 1395 Cuius
1155 1330 1242 1396 vocis
1274 1328 1321 1395 vis
1343 1329 1588 1411 Dittenbergero

364 1437 397 1514 (l.
421 1436 441 1505 1.
463 1455 535 1519 pag.
560 1440 615 1513 46)
638 1456 768 1519 prorsus
790 1438 925 1504 obscura
946 1438 1086 1521 videtur,
1119 1445 1154 1505 at
1186 1458 1255 1507 meo
1281 1441 1398 1508 iudicio
1428 1439 1588 1524 significat

304 1601 305 1604 ,
360 1566 414 1614 cos
437 1567 476 1614 ex
498 1547 626 1630 ephebis
649 1549 762 1632 quibus
784 1567 856 1615 curn
878 1550 990 1633 ephebi
1011 1551 1044 1615 in
1066 1550 1247 1639 περιπολείᾳ
1262 1551 1320 1618 sub
1336 1552 1408 1618 divo
1423 1557 1589 1635 pernocta-

359 1660 438 1726 bant
458 1659 732 1726 tabernaculorum
753 1665 839 1728 recte
860 1660 1114 1728 collocandorum
1136 1667 1168 1728 et
1190 1662 1436 1729 ordinandorum
1451 1682 1530 1729 cura
1551 1682 1588 1731 ac

359 1775 501 1855 potestas
541 1771 690 1857 mandata
720 1777 795 1839 erat.
852 1773 1008 1839 Nimirum
1046 1773 1174 1840 Polluce
1208 1774 1314 1854 (VHl,
1349 1775 1422 1858 105)
1458 1780 1587 1841 auctore

360 1881 520 1969 περίπολοι
557 1880 673 1970 ἔφηβοι
703 1877 876 1972 περιῄεσαν
905 1886 959 1974 τὴν
984 1885 1097 1975 χώραν
1127 1885 1337 1971 φυλάττοντες
1372 1886 1479 1972 ὥςπερ
1510 1884 1585 1974 ἤδη

358 1995 613 2080 μελετῶντες
646 1995 689 2060 τὰ
721 1997 1006 2083 στρατιωτικά.
1053 1996 1117 2063 Sed
1146 2015 1213 2062 rem
1234 2001 1346 2080 postea
1367 2016 1484 2064 vanum
1504 1997 1587 2064 ludi·

359 2107 464 2174 brium
476 2108 753 2191 spectaculumque
764 2106 879 2174 factam
892 2126 961 2175 esse
972 2107 1040 2174 ueri
1051 2094 1219 2174 admodum
1232 2112 1281 2174 cst
1292 2109 1401 2191 simile,
1416 2109 1512 2191 idque
1526 2110 1591 2174 iam

359 2219 465 2303 paullo
489 2224 564 2286 ante
586 2220 812 2303 imperatorum
835 2223 980 2303 aetatem.
1016 2218 1125 2285 Cicero
1148 2220 1275 2301 quidem
1295 2219 1334 2287 de
1356 2219 1477 2302 republ.
1498 2221 1589 2302 IV,4

362 2347 476 2411 »quarn
497 2331 606 2407 levis«,
629 2331 682 2407 ait,
707 2329 780 2396 »illa
802 2331 995 2413 epheborum
1017 2329 1164 2396 militiai«

446 2443 636 2510 Paedotriba
658 2444 788 2527 primus,
811 2443 931 2509 utiam
953 2441 1026 2521 dixi,
1049 2461 1106 2525 per
1127 2442 1211 2508 vitae
1233 2445 1357 2525 tempus
1381 2440 1468 2528 (oded
1481 2440 1590 2526 βίοοτ)

227 2588 232 2600 ·
360 2573 489 2621 munere
511 2554 662 2639 fungitur.
696 2555 812 2620 Postea
827 2553 880 2619 alii
899 2553 1105 2637 magistratus
1120 2558 1404 2637 praeceptoresque
1424 2553 1589 2620 accedunt.

360 2666 437 2733 Post
458 2666 677 2746 paedotribam
705 2665 826 2746 primus
856 2664 962 2732 scriba
997 2670 1157 2748 comparet
1189 2669 1362 2748 perpetuus
1397 2663 1443 2746 (G.
1468 2664 1495 2730 Ι.
1518 2668 1589 2729 276.

363 2775 426 2841 dri.
451 2777 505 2852 lV,
530 2779 615 2860 272).
655 2777 836 2844 Caracallae
858 2780 964 2843 aetate
986 2793 1053 2843 mos
1076 2776 1139 2841 iam
1160 2775 1256 2842 latius
1278 2779 1382 2858 patet:
1405 2775 1437 2840 in
1457 2775 1507 2841 tit.
1525 2772 1589 2838 Φιλ.

360 2889 385 2974 Ι,
410 2892 481 2968 516,
505 2893 524 2953 6
547 2908 575 2955 a.
590 2893 662 2960 ,210
684 2889 801 2972 scripto
826 2886 877 2966 (cf.
902 2906 969 2970 cap.
993 2887 1034 2969 V)
1058 2890 1186 2970 praeter
1206 2886 1424 2970 paedotribam
1452 2890 1486 2952 et
1514 2886 1590 2952 scri·

361 3000 435 3066 barn
456 3000 552 3067 etiarn
574 3002 700 3089 ἡγεμών
723 3005 756 3066 et
777 2998 965 3067 διδάσκαλος
987 3003 1063 3065 sunt
1083 2998 1237 3082 perpetui.
1291 2996 1354 3064 Sed
1386 2998 1450 3064 iam
1481 2997 1514 3064 in
1540 2997 1587 3062 tit.

363 3109 427 3178 Φιλ.
452 3112 511 3193 ΙΙΙ,
535 3117 606 3193 356,
629 3113 715 3196 quod
744 3110 970 3194 fragmentum,
999 3109 1141 3193 quamuis
1168 3128 1270 3193 neque
1303 3109 1461 3175 archontis
1489 3127 1590 3192 neque

362 3229 520 3291 cosmetae
541 3242 643 3305 neque
666 3223 800 3307 denique
821 3221 1026 3305 paedotribae
1047 3239 1161 3288 nornen
1184 3224 1344 3286 servatum
1359 3221 1410 3302 sit,
1432 3221 1473 3286 ad
1488 3219 1588 3285 Teles-

360 3335 452 3418 phori
473 3335 677 3418 paedotribae
699 3340 823 3419 tempus
845 3335 979 3417 ideoque
1001 3332 1041 3398 ad
1065 3331 1246 3399 caracallae
1268 3336 1405 3399 aetatem
1427 3331 1586 3415 pertinere

363 3449 476 3516 docent
497 3449 626 3516 nomina
648 3452 889 3532 praeceptorum
911 3444 1109 3529 quorundam
1138 3444 1424 3525 ministrorumque,
1446 3460 1528 3524 quae
1556 3442 1588 3506 in

362 3561 433 3628 aliis
455 3559 555 3627 titulis
578 3562 638 3628 sub
660 3548 1050 3642 paedotriba'Telosphoro
1066 3556 1191 3639 scriptis
1215 3554 1355 3635 redeant,
1378 3554 1503 3634 ibicis,
1531 3552 1591 3618 iarn

362 3667 552 3763 ὁπλομάχος,
586 3671 859 3760 ὑποπατὸοτρίβης,
890 3669 1087 3745 διδάσκαλος,
1116 3661 1134 3730 ὁ
1159 3667 1208 3731 ἐπὶ
1228 3665 1392 3751 Διογενείῳ
1408 3666 1541 3732 audiunt
1560 3664 1586 3726 οἱ

364 3783 435 3847 »διὰ
461 3783 565 3869 dions
610 3785 753 3866 Denique
783 3783 928 3849 Cratonis
962 3782 1088 3847 demum
1119 3779 1323 3863 paedotribae
1350 3779 1371 3843 i.
1400 3795 1427 3842 e.
1452 3775 1586 3841 Gordia·

361 3915 473 3963 norum
495 3895 561 3963 fere
585 3899 690 3961 aetate
705 3896 830 3961 omnino
849 3911 957 3962 omnes
979 3892 1184 3974 magistratus
1207 3894 1428 3975 praeceptores
1451 3886 1585 3953 ministri

362 4012 437 4075 sunt
459 4008 614 4094 perpetui.
661 4006 791 4089 Semper
813 4008 896 4073 enim
917 4006 963 4071 eis
985 4004 1233 4088 superscriptum
1255 4005 1314 4082 est,
1338 4002 1386 4064 »ot
1408 3998 1459 4064 διὰ
1480 3997 1584 4084 ploos

364 4118 442 4204 (dcl.
465 4118 508 4196 11,
531 4123 609 4194 4283
633 4118 686 4201 IV,
711 4123 782 4193 344,
805 4123 860 4196 4.).
883 4153 926 4166 -

448 4233 509 4311 Qui
548 4237 657 4298 nostra
696 4231 728 4295 in
768 4229 971 4313 inscriptione
992 4229 1050 4312 (vs.
1083 4231 1112 4293 5.
1144 4231 1177 4304 6)
1212 4228 1373 4309 comparet
1404 4222 1589 4307 paedotriba

362 4342 562 4410 Nicostratus
583 4342 685 4408 Hilari
707 4340 790 4407 filius
811 4340 1005 4407 Pallenensis
1034 4338 1192 4405 invenitur
1222 4337 1318 4403 etiam
1347 4336 1379 4402 in
1401 4333 1436 4400 0.
1460 4335 1486 4400 Ι.
1510 4338 1586 4408 286;

367 4456 411 4525 ibi
435 4455 516 4523 enim
538 4461 587 4522 est
601 4454 832 4524 restituendum
854 4451 1132 4539 παιδοτριβοῢντος
1156 4446 1379 4534 Νικοοτ]ρα’τοο
1402 4447 1455 4510 τοῦ
1473 4440 1589 4531 Ἱλάρον

362 4565 558 4656 Παλληνέως,
580 4587 644 4634 nou
666 4565 912 4654 κοσμητεύοντος
933 4565 1003 4647 κτλ,
1026 4562 1110 4646 quod
1132 4559 1311 4627 Boeckhius
1334 4558 1445 4626 voluit.
1499 4557 1586 4624 Idem
