3510 5304
874 395 1089 473 ..52-

560 575 656 663 »βα[ις
676 577 725 645 καὶ
747 581 813 650 τοῖς
833 577 881 659 ἐν]
903 578 1083 667 ricordatus
1106 580 1178 667 περὶ
1200 577 1313 650 αὐτοὺς

504 730 508 737 -
577 689 806 776 τ]ετ[αγμένοις
827 694 916 771 abiot
938 689 1157 771 ἐν[Πλαταιαῖς

360 1022 409 1118 Ea
435 1040 520 1105 quae
546 1031 697 1091 secuntur
724 1026 780 1111 qut
808 1026 1005 1092 restituenda
1032 1026 1096 1092 sint
1124 1025 1216 1092 velim
1244 1025 1403 1093 doctiores
1429 1029 1592 1108 temptent

360 1137 465 1218 Atque
487 1136 565 1201 haec
587 1135 626 1202 de
649 1134 982 1220 Sebastophoricorum
1004 1137 1138 1203 aerario.

367 1332 370 1339 ‚
451 1246 533 1325 Quid
555 1264 630 1313 vero
652 1246 720 1313 vult
740 1245 793 1313 ille
818 1245 983 1329 »διάλογος
1004 1244 1038 1308 ἐν
1060 1244 1275 1318 Πλαταιαῖςιῖ
1310 1248 1495 1315 Praeterea
1512 1265 1593 1328 quae

360 1358 456 1427 attuli
477 1358 640 1423 titulorum
663 1357 843 1424 testimonia
863 1357 942 1422 nihil
963 1357 1023 1423 hac
1044 1357 1083 1424 de
1104 1377 1140 1423 re
1162 1363 1294 1425 constat.
1338 1360 1449 1439 Itaque
1472 1358 1592 1424 coniec-

360 1475 436 1535 tura
451 1487 503 1534 res
522 1467 715 1551 expedienda
736 1472 795 1549 est,
818 1468 845 1533 si
866 1466 934 1534 fieri
955 1472 1070 1551 potest.
1108 1471 1192 1534 Ante
1214 1468 1318 1536 omnia
1340 1470 1407 1535 veri
1422 1470 1500 1535 satis
1523 1487 1592 1534 esse

363 1579 464 1646 simile
485 1580 612 1646 ridetur
633 1579 673 1647 de
703 1579 895 1647 sollemnibus
924 1578 1114 1660 quibusdam
1144 1579 1284 1662 cogitare
1314 1598 1395 1665 quae
1423 1579 1592 1662 quotannis
1671 1564 1676 1567 ⁵

363 1691 500 1758 Plataeis
522 1692 772 1758 celebrabantur.
810 1692 914 1772 Atque
933 1691 1344 1777 Dittenbergerusquidem
1366 1690 1386 1754 l.
1409 1690 1430 1754 l.
1457 1708 1528 1773 pag.
1552 1694 1591 1754 72

361 1800 401 1868 de
426 1802 617 1868 Eleutheriis
639 1802 870 1868 Plataeensium
891 1801 1030 1883 intellegi
1058 1801 1127 1867 vult
1156 1801 1361 1884 ›praesertim
1383 1818 1455 1866 cum
1476 1800 1592 1866 mirum

360 1918 454 1993 esset,
477 1914 503 1979 si
518 1908 613 1979 iidem
629 1914 750 1996 ephebi,
772 1913 827 1995 qui
843 1911 1031 1979 Salaminiae
1046 1917 1079 1978 et
1093 1912 1312 1979 Marathoniae
1327 1929 1505 1994 pugnarum
1529 1929 1592 1976 me·

362 2022 494 2117 mbriam
517 2029 581 2089 tam
603 2024 655 2105 pie
670 2023 823 2104 colebant,
844 2024 957 2089 tertiae
969 2023 1053 2090 illius
1069 2024 1108 2089 de
1121 2024 1226 2089 Persis
1241 2029 1420 2106 reportatae
1435 2023 1591 2088 rationem

360 2133 704 2201 nullam'habuissent.‹
743 2134 788 2200 At
801 2151 893 2199 sacra
914 2132 1059 2217 testaque
1075 2134 1106 2198 in
1123 2132 1312 2200 Salaminiae
1327 2138 1360 2201 et
1373 2132 1591 2198 Marathoniae

358 2263 536 2328 pugnarum
557 2244 737 2311 memoriam
766 2243 850 2310 facta
877 2263 1002 2328 semper
1028 2264 1140 2311 revera
1167 2248 1441 2311 commemorantur
1467 2245 1501 2310 in
1528 2243 1591 2309 illis

359 2356 452 2438 primi
477 2374 506 2421 a.
530 2354 603 2422 Chr.
633 2355 751 2423 saeculi
780 2355 951 2439 plebiscitis
981 2353 1059 2438 (orl.
1082 2356 1099 2421 I
1119 2361 1192 2438 post
1221 2374 1291 2440 pag.
1317 2361 1367 2435 56,
1392 2362 1419 2421 l.
1442 2359 1471 2422 2.
1495 2360 1525 2421 3.
1548 2391 1590 2401 -

358 2471 430 2549 post
456 2484 526 2549 pag.
551 2471 608 2551 903
636 2471 708 2550 post
734 2486 809 2550 pag.
836 2469 929 2549 288),
960 2468 1084 2533 sedne
1113 2467 1210 2534 semel
1241 2468 1367 2549 quidem
1395 2465 1590 2548 Eleutheria

360 2594 441 2661 quae
462 2577 490 2641 si
510 2595 621 2644 revera
643 2582 711 2644 tum
732 2578 891 2644 celebrata
913 2583 1035 2660 essent,
1057 2596 1114 2645 cur
1135 2579 1179 2646 ibi
1195 2596 1366 2661 numquam
1381 2596 1590 2644 memoraren-
1632 2585 1634 2588 ’

359 2693 413 2754 tur
434 2688 485 2753 vix
505 2693 613 2768 posset
640 2687 788 2771 expediri.
832 2689 945 2772 Itaque
972 2689 1078 2755 nescio
1106 2708 1147 2754 an
1173 2689 1213 2755 de
1241 2689 1433 2755 sollennibus
1462 2688 1591 2772 quibus·

359 2798 432 2863 dam
453 2799 677 2881 imperatorum
707 2799 832 2865 demum
862 2805 967 2867 aetate
996 2801 1149 2867 institutis
1178 2801 1380 2883 cogitandum
1401 2801 1453 2866 sit.
1499 2798 1589 2878 Quod

360 2913 396 2974 ut
416 2914 524 2990 putem
547 2927 584 2975 eo
605 2910 705 2993 magis
733 2927 860 2976 moveor
886 2910 962 2990 quia
987 2927 1045 2992 pro
1072 2930 1149 2978 voce
1177 2910 1300 2975 ἐκτῶν
1329 2910 1459 2993 refluat.
1488 2907 1589 2996 ἐδόθη

358 3017 398 3083 ἐν
419 3017 630 3089 Πλαταιαῖς
649 3021 710 3086 κτλ.
736 3019 869 3105 legimus
897 3022 932 3088 in
958 3042 995 3091 eo
1021 3042 1114 3106 quem
1136 3042 1233 3106 supra
1254 3024 1348 3089 attuli
1370 3024 1419 3091 tit
1443 3021 1509 3087 oet.
1533 3021 1586 3096 IV,

361 3134 434 3212 547,
458 3134 477 3196 2
501 3152 509 3193 :
533 3130 603 3202 τὰς
617 3126 891 3219 σεβαστοφαρικὰς
906 3134 1004 3219 νομὰς
1018 3136 1123 3205 πάσας
1144 3135 1208 3205 τὰς
1231 3134 1293 3198 διὰ
1314 3131 1588 3219 Πανελληνίων

360 3240 421 3306 κτλ.
443 3240 463 3306 i.
483 3261 511 3308 e.
534 3242 681 3311 oonaara
703 3242 959 3327 sebastophorica
980 3264 1061 3328 quac
1083 3245 1293 3312 Panhelleniis
1316 3245 1385 3310 dari
1406 3243 1509 3311 solent
1529 3246 1588 3309 cet.

358 3351 629 3419 Panhelleniorum
652 3372 726 3438 ergo
748 3353 829 3420 festo
851 3355 990 3422 Plataeis
1013 3356 1125 3437 ephebi
1139 3356 1193 3422 illa
1214 3355 1363 3421 donativa
1381 3354 1584 3437 accipiebant.

357 3462 508 3529 Instituta
530 3468 635 3529 autem
658 3469 732 3530 sunt
752 3464 956 3532 Panhellenia
979 3467 1019 3534 ab
1034 3467 1194 3533 Hadriano
1209 3467 1408 3549 imperatore.
1446 3466 1490 3530 Et
1512 3483 1587 3530 sane

355 3574 389 3638 iu
411 3575 511 3641 titulis
534 3576 692 3658 ephebicis
714 3580 789 3644 ante
803 3576 999 3643 Hadrianum
1022 3578 1149 3662 scriptis
1172 3597 1210 3644 ea
1225 3578 1424 3643 Plataeensia
1439 3576 1587 3643 donativa

355 3703 419 3752 non
441 3695 723 3756 commemorantur.
761 3689 806 3755 At
825 3689 959 3756 Athenis
981 3688 1221 3756 celebrabantur
1243 3687 1454 3754 Panhellenia.
1494 3685 1586 3754 Sane.

356 3797 553 3881 Quamquam
581 3817 633 3866 res
662 3800 820 3867 conciliari
848 3803 956 3883 potest
982 3800 1009 3866 si
1037 3800 1084 3865 ita
1109 3802 1206 3867 moris
1232 3799 1330 3866 fuisse
1358 3816 1523 3865 censemus
1553 3801 1589 3862 ut

355 3908 469 3991 ephebi
495 3909 622 3993 quando
650 3910 782 3976 Athenis
809 3911 1012 3978 Panhellenia
1039 3911 1280 3979 celebrabantur
1307 3910 1454 3977 Plataeas
1481 3927 1588 3975 excur·

354 4019 474 4085 sionem
501 4019 642 4087 facerent
670 4026 727 4087 aut
752 4040 898 4105 pompam
932 4023 1085 4090 ducerent
1116 4023 1149 4089 in
1181 4022 1363 4090 memoriam
1391 4021 1588 4089 Plataeensis

355 4149 488 4214 pugnae,
510 4133 627 4216 quippe
648 4151 712 4217 qua
734 4151 867 4200 omues
890 4133 1039 4203 Graeci
1061 4136 1101 4203 ab
1118 4135 1288 4202 Persarum
1309 4134 1439 4217 imperio
1461 4132 1587 4201 liberati

354 4248 468 4309 essent.
513 4244 604 4323 Quod
626 4245 653 4309 si
675 4264 784 4312 verum
807 4249 872 4322 est,
901 4246 1161 4314 Panhellenia
1186 4247 1291 4312 nescio
1319 4245 1395 4328 quid
1425 4262 1587 4315 commune

353 4351 488 4421 fortasse
517 4355 698 4422 habuerunt
724 4374 794 4423 cum
824 4358 1108 4439 quinquennalibus
1138 4359 1200 4425 illis
1222 4357 1414 4435 Eleutheriis
1442 4375 1525 4438 quae
1547 4355 1586 4420 ah

354 4466 536 4531 omuibus
563 4465 729 4543 Graecis
757 4468 842 4550 apud
870 4469 1017 4535 Plataeas
1046 4471 1221 4552 agebantur
1251 4468 1313 4549 (cf.
1345 4467 1467 4535 Gorsin.
1489 4467 1525 4534 F.
1549 4468 1585 4533 A.

353 4573 387 4642 II
415 4593 486 4661 pag.
517 4581 576 4643 331
607 4575 705 4665 sqq.);
737 4578 831 4655 immo
860 4580 897 4647 tit
924 4582 991 4648 veri
1021 4582 1122 4649 similo
1144 4580 1340 4648 Hadrianum
1366 4580 1586 4664 imperatorem
