3510 5304
849 435 1063 499 ..20-

348 608 378 690 i'.
396 621 534 708 Φλαβίου
549 618 759 691 Λεωσθένους
781 598 970 708 Ἀλκιβιάδην
992 618 1141 685 Παιανιέα
1163 623 1225 686 cet:
1259 619 1434 688 mohontm
1456 594 1574 701 epcny-

341 754 409 803 mos
443 751 666 815 nonnunquam
699 732 792 799 simul
824 731 1035 799 sacerdotium
1067 728 1210 818 Δρούσου
1245 728 1364 794 ὑπάτου
1396 730 1573 800 obtinuisse

341 856 417 914 nota
438 865 506 921 res;
535 845 573 912 cf.
595 845 668 911 Keil
699 844 733 910 in
763 844 849 910 Mus.
870 843 971 910 Rhen.
992 843 1132 912 XXVIII
1164 860 1235 926 pag.
1260 842 1404 919 tid-673
1436 842 1573 912 schedae

342 957 439 1041 epigr.
454 977 485 1040 p.
502 959 643 1031 43—453
660 955 768 1037 Meier,
785 973 894 1022 comm.
912 954 1009 1038 epigr.
1022 973 1052 1037 p.
1070 958 1120 1020 72.
1145 952 1323 1022 Boeckhius
1339 954 1392 1038 (ad
1408 952 1442 1020 0.
1453 953 1479 1019 Ι.
1493 955 1570 1037 264)

342 1066 374 1132 in
403 1086 442 1132 ea
463 1067 589 1135 videtur
610 1066 767 1134 sententia
792 1065 891 1132 fuisse
920 1070 957 1131 ut
977 1069 1051 1148 post
1071 1065 1192 1133 obitum
1213 1065 1309 1132 Drusi
1330 1065 1351 1131 i.
1374 1085 1400 1134 e.
1422 1083 1505 1133 anno
1529 1069 1570 1131 23

342 1197 373 1261 p.
398 1178 471 1244 Ohr.
506 1179 584 1246 illud
616 1178 713 1245 Drusi
745 1176 955 1243 sacerdotium
988 1193 1130 1243 cessasse
1161 1180 1325 1243 statueret.
1379 1176 1468 1255 Quae
1500 1193 1572 1243 sen·

342 1289 443 1356 tentia
464 1290 527 1355 iam
541 1290 660 1357 Meiere
684 1295 807 1367 (comm.
829 1288 926 1371 epigr.
941 1287 982 1368 II,
1005 1305 1077 1370 pag.
1094 1291 1150 1365 88)
1172 1304 1323 1371 perquam
1344 1286 1465 1354 incerta
1485 1286 1569 1353 vide·

342 1400 446 1467 batur.
491 1399 583 1467 Nunc
615 1399 741 1466 demum
768 1398 822 1464 illo
845 1397 1065 1480 Ephemeridis
1097 1397 1191 1464 titulo
1223 1397 1388 1480 perspicue
1420 1398 1570 1465 docemur

343 1510 393 1577 vel
414 1510 513 1577 multo
534 1515 608 1592 post
635 1509 756 1577 obitum
778 1509 875 1575 Drusi
903 1508 1115 1576 sacerdotium
1142 1508 1210 1576 eius
1240 1509 1437 1576 remansisse.
1487 1509 1569 1575 Item

342 1625 429 1689 errat
450 1621 589 1688 Meierus
609 1620 629 1686 I.
650 1622 681 1692 l..
704 1621 790 1705 quod
812 1637 932 1687 morem
962 1621 1047 1703 apud
1066 1619 1276 1687 Athenienses
1302 1619 1476 1687 othnuisse
1499 1637 1568 1686 cen·

340 1737 390 1798 set
410 1735 448 1796 ut
469 1749 641 1815 epcnymus
664 1730 780 1798 archon
804 1733 859 1813 qui
888 1736 973 1798 esset
994 1732 1090 1799 etiam
1112 1731 1287 1800 sacerdotio
1313 1732 1409 1798 Drusi
1430 1731 1566 1798 consulis

339 1841 533 1926 fungeretur.
576 1843 703 1908 Etenim
733 1840 927 1928 Ἆντίττοτρος
953 1840 1052 1925 (0.1.
1077 1841 1149 1922 282,
1179 1840 1243 1906 Φιλ.
1265 1841 1323 1924 IV,
1353 1842 1418 1924 73),
1448 1838 1568 1928 Μητρό·

342 1951 450 2039 δωρος
472 1951 521 2030 (O.
545 1954 569 2019 Ι.
594 1954 680 2036 266),
707 1953 951 2042 Καλλικρατίδας
977 1953 1043 2042 (ἐφ.
1074 1954 1146 2043 cipp.
1170 1954 1255 2037 640),
1280 1952 1461 2039 θράσυλλσς
1490 1950 1568 2031 (Φιλ.

339 2062 394 2145 IV,
418 2065 503 2145 322),
527 2063 654 2127 Αἰολέων
677 2062 798 2144 (03.1,
820 2066 907 2146 428),
929 2062 967 2130 II.
990 2062 1052 2127 Δίλ.
1071 2056 1233 2151 Ἀδριανός
1264 2063 1509 2146 (malliam,
1527 2065 1569 2142 1),

338 2172 459 2245 Δείδιος
480 2173 657 2246 Σεκοῦνδος
678 2174 836 2264 Σφήττιος
860 2175 909 2253 (C.
932 2177 959 2242 Ι.
985 2174 1071 2262 268),
1106 2175 1246 2261 Φλάβιος
1265 2176 1440 2263 Ματρεῖνος
1459 2170 1568 2263 Ἀχαρ-

339 2285 412 2357 νεύς
432 2284 511 2365 (Φιλ.
533 2287 588 2369 lv,
603 2289 690 2372 458),
720 2285 855 2373 Φούριος
884 2280 1105 2376 Μητρόδωρος
1117 2286 1269 2359 Σουνιεύς
1283 2286 1363 2369 (Φιλ.
1379 2286 1438 2366 ΙΠ,
1454 2290 1505 2368 60,
1526 2284 1567 2367 1),

340 2392 374 2460 Γ.
396 2394 517 2466 Ἰούλιος
542 2394 660 2467 Καίσιος
687 2395 849 2483 Στειριειίς
870 2397 918 2478 (G.
941 2400 967 2465 Ι.
992 2404 1078 2481 270),
1109 2397 1240 2470 Λεύκιος
1268 2396 1467 2481 Φιίιβούλλιος
1488 2387 1568 2460 Ἵππ-

341 2528 441 2594 αρχος
468 2504 517 2585 (O.
541 2508 566 2573 Ι.
591 2509 685 2591 269),
718 2508 781 2592 De.
811 2509 865 2575 Κλ.
897 2503 1040 2597 Ἡρώδης
1079 2508 1292 2597 Μαραδώνως
1329 2507 1408 2592 (Φιλ.
1437 2507 1463 2591 Ι,
1494 2511 1566 2573 381.

340 2615 405 2698 ΙΠ,
428 2617 499 2699 63),
521 2617 556 2683 hi
577 2637 685 2686 omnes
707 2622 848 2702 quamvis
873 2621 978 2688 cuncti
999 2622 1084 2688 intra
1105 2622 1200 2688 Drusi
1234 2625 1267 2688 et
1295 2619 1450 2687 Hadriani
1482 2625 1566 2685 aeta·

341 2731 415 2809 tem,
436 2747 494 2810 per
515 2730 599 2812 quod
621 2735 723 2797 totum
745 2736 869 2814 tempus
891 2732 969 2798 illud
990 2733 1201 2799 sacerdotium
1222 2732 1413 2815 perdurasse
1432 2734 1565 2811 conset,

341 2837 500 2905 archontis
527 2842 671 2924 epcnymi
695 2859 811 2908 munus
843 2842 1164 2925 administraverint‚¹
1196 2848 1395 2910 nontamen
1435 2841 1568 2907 audiunt

342 2947 437 3032 ἱερεῖς
456 2946 600 3034 Δρούσου
623 2949 750 3018 ὑστάτου.
797 2954 909 3034 Itaque
931 2954 1019 3020 casui
1041 2955 1143 3020 solum
1164 2954 1377 3032 tribuendum,
1400 2953 1428 3019 si
1449 2953 1504 3033 qui
1519 2970 1567 3017 ar·

342 3058 423 3124 chon
445 3077 615 3143 eponymus
638 3063 730 3129 simul
752 3064 900 3131 sacerdos
923 3069 973 3131 est
994 3065 1091 3133 Drusi
1113 3065 1259 3132 consulis.
1293 3065 1332 3130 Id
1354 3063 1488 3144 denique
1511 3062 1565 3129 ob·

342 3169 519 3237 servatione
542 3171 680 3254 dignum,
703 3174 788 3255 quod
810 3175 895 3241 ultra
916 3175 1067 3242 Antonini
1088 3176 1138 3242 Pii
1164 3179 1302 3242 aetatem
1332 3174 1438 3240 nullus
1467 3173 1569 3239 adhuc

342 3280 489 3347 inventus
512 3287 562 3349 est
582 3283 729 3350 sacerdos
749 3284 845 3351 Drusi
867 3287 1015 3353 consulis.

427 3392 496 3457 Iam
525 3394 611 3460 aliud
638 3401 739 3463 restat
766 3397 895 3482 dignum
929 3399 1013 3482 quod
1045 3403 1182 3468 notetur.
1227 3399 1422 3466 Memoratur
1454 3395 1572 3464 scilicet

342 3499 434 3568 titulo
462 3502 516 3570 illo
541 3504 759 3588 Ephemeridis
791 3514 863 3589 (no.
887 3514 993 3588 4008)
1027 3507 1047 3598 ἡ
1074 3510 1205 3599 βουλὴ
1239 3513 1311 3574 τῶν
1344 3506 1570 3581 ἑξακοσίων.

344 3611 495 3679 Senatum
508 3622 725 3686 sexcentorum
738 3617 870 3686 Claudio
884 3621 1075 3704 imperatore
1087 3619 1280 3705 superfuisse
1295 3621 1374 3686 haut
1383 3620 1478 3702 pauci
1487 3618 1572 3686 tituli

342 3725 545 3793 monstrant.²
566 3728 698 3806 Quando
710 3735 818 3797 autem
829 3731 1073 3815 quingentorum
1084 3736 1215 3799 senatus
1230 3732 1274 3799 sit
1288 3730 1453 3799 institutus
1468 3730 1571 3798 adhuc

342 3855 406 3903 non
422 3843 555 3906 censat.
577 3840 755 3908 Boeckhius
773 3843 901 3923 quidem
919 3843 968 3922 (C.
987 3845 1013 3910 Ι.
1029 3845 1054 3928 Ι,
1071 3863 1143 3927 pag.
1163 3849 1225 3911 323
1244 3849 1278 3912 et
1296 3844 1371 3927 900)
1391 3841 1484 3909 sImul
1501 3859 1571 3907 cum

343 3966 426 4016 nora
445 3949 531 4016 tribu
553 3950 748 4019 Hadrianide
770 3954 917 4021 instituta
933 3959 1078 4022 senatum
1094 3954 1213 4021 factum
1235 3970 1305 4022 esse
1327 3953 1570 4035 quingentorum

213 4126 216 4131 ,
345 4065 460 4131 censet.
494 4060 699 4148 Eandemque
721 4066 910 4134 sententiam
928 4085 1044 4150 omnes,
1067 4066 1153 4151 quod
1170 4066 1278 4150 sciam,
1293 4065 1397 4132 adhuc
1419 4057 1572 4131 tuentur.³

349 4172 550 4187 m

412 4217 423 4249 ¹
440 4216 478 4269 cf.
493 4217 569 4269 index
586 4216 732 4270 archontum
749 4218 811 4288 Gap.
828 4218 897 4272 XXI.

414 4301 481 4356 ²01⁴.
499 4302 527 4356 0.
545 4303 566 4355 I.
584 4304 646 4363 320,
663 4305 724 4369 361,
743 4305 803 4371 381,
821 4307 882 4362 480.

413 4388 542 4442 iAhrens
559 4390 610 4453 „de
627 4397 694 4444 statu
712 4400 758 4445 cet.
777 4409 836 4461 pag.
854 4395 902 4448 29:
921 4393 991 4457 „iam
1008 4399 1143 4461 postquem
1159 4391 1278 4446 Adrianis
1295 4391 1374 4461 phylo
1392 4390 1440 4446 sub
1456 4391 1570 4445 Adriano

344 4483 496 4540 accesserat,=
509 4475 621 4543 aliquam
638 4475 664 4527 in
682 4484 827 4532 senatorum
844 4495 950 4532 numero
967 4479 1130 4533 mutationem
1148 4478 1240 4533 iactam
1257 4495 1315 4556 esse
1333 4477 1484 4532 concludere
1495 4478 1569 4539 licata

346 4563 539 4632 quingentorum
562 4577 622 4615 vero
645 4580 779 4617 numerum
804 4565 950 4619 restitutum
975 4581 1042 4629 esse,
1068 4572 1096 4618 et
1119 4561 1260 4619 Pausanias
1278 4565 1311 4632 (Ι,
1329 4563 1354 4621 5.
1372 4566 1397 4628 1,
1414 4563 1436 4628 Ι,
1453 4563 1478 4619 3.
1497 4564 1571 4633 4)„ct

345 4647 532 4720 inscriptiones,
550 4652 577 4705 in
596 4651 687 4720 quibus
705 4650 761 4704 sub.
779 4648 815 4702 M.
827 4649 932 4704 Aurelio
949 4657 976 4704 et
991 4651 1156 4720 sequentibus
1168 4649 1299 4721 quingenti
1309 4649 1478 4719 reperiuntur,
1496 4663 1569 4717 aper·

345 4737 442 4797 tissime
460 4741 577 4797 docent-⁴⁶
593 4766 627 4780 -
