<?xml version="1.0" encoding="UTF-8"?>
<!DOCTYPE html PUBLIC "-//W3C//DTD XHTML 1.0 Transitional//EN"
    "http://www.w3.org/TR/xhtml1/DTD/xhtml1-transitional.dtd">
<html xmlns="http://www.w3.org/1999/xhtml" xml:lang="en" lang="en">
 <head>
  <title>
</title>
<meta http-equiv="Content-Type" content="text/html;charset=utf-8" />
  <meta name='ocr-system' content='tesseract 3.04.00' />
  <meta name='ocr-capabilities' content='ocr_page ocr_carea ocr_par ocr_line ocrx_word'/>
</head>
<body>
  <div class='ocr_page' id='page_1' title='image "./commentationese01neubgoog_0077.png"; bbox 0 0 3510 5304; ppageno 0'>
   <div class='ocr_carea' id='block_1_1' title="bbox 881 380 1093 442">
    <p class='ocr_par' dir='ltr' id='par_1_1' title="bbox 881 380 1093 442">
     <span class='ocr_line' id='line_1_1' title="bbox 881 380 1093 442; baseline 0 -18"><span class='ocrx_word' id='word_1_1' title='bbox 881 380 1093 442; x_wconf 67' lang='lat'>..55-</span> 
     </span>
    </p>
   </div>
   <div class='ocr_carea' id='block_1_2' title="bbox 368 562 1606 2659">
    <p class='ocr_par' dir='ltr' id='par_1_2' title="bbox 368 562 1606 2659">
     <span class='ocr_line' id='line_1_2' title="bbox 373 562 1603 651; baseline -0.004 -15"><span class='ocrx_word' id='word_1_2' title='bbox 373 564 551 651; x_wconf 77' lang='lat' dir='ltr'>significare</span> <span class='ocrx_word' id='word_1_3' title='bbox 561 565 631 634; x_wconf 74' lang='lat' dir='ltr'>verit</span> <span class='ocrx_word' id='word_1_4' title='bbox 641 563 947 648; x_wconf 86' lang='lat' dir='ltr'>praestantissimum</span> <span class='ocrx_word' id='word_1_5' title='bbox 962 563 1135 631; x_wconf 86' lang='lat' dir='ltr'>athletam¹</span> <span class='ocrx_word' id='word_1_6' title='bbox 1149 600 1194 611; x_wconf 90' lang='lat'>—</span> <span class='ocrx_word' id='word_1_7' title='bbox 1206 564 1429 648; x_wconf 82' lang='lat' dir='ltr'>praedicantur</span> <span class='ocrx_word' id='word_1_8' title='bbox 1441 562 1603 651; x_wconf 88' lang='lat' dir='ltr'>reperiun-</span> 
     </span>
     <span class='ocr_line' id='line_1_3' title="bbox 375 675 1603 763; baseline -0.002 -17"><span class='ocrx_word' id='word_1_9' title='bbox 375 684 429 747; x_wconf 91' lang='lat' dir='ltr'>tur</span> <span class='ocrx_word' id='word_1_10' title='bbox 443 696 613 763; x_wconf 79' lang='lat' dir='ltr'><strong>numquam</strong></span> <span class='ocrx_word' id='word_1_11' title='bbox 628 677 711 744; x_wconf 88' lang='lat' dir='ltr'>inter</span> <span class='ocrx_word' id='word_1_12' title='bbox 724 675 862 760; x_wconf 81' lang='lat' dir='ltr'>ephebos</span> <span class='ocrx_word' id='word_1_13' title='bbox 877 676 909 741; x_wconf 94' lang='lat' dir='ltr'>in</span> <span class='ocrx_word' id='word_1_14' title='bbox 924 675 970 743; x_wconf 95' lang='lat' dir='ltr'>eis</span> <span class='ocrx_word' id='word_1_15' title='bbox 984 675 1062 759; x_wconf 89' lang='lat' dir='ltr'>ipsis</span> <span class='ocrx_word' id='word_1_16' title='bbox 1077 675 1178 743; x_wconf 91' lang='lat' dir='ltr'>titulis</span> <span class='ocrx_word' id='word_1_17' title='bbox 1200 677 1314 761; x_wconf 92' lang='lat' dir='ltr'>quibus</span> <span class='ocrx_word' id='word_1_18' title='bbox 1337 696 1393 744; x_wconf 90' lang='lat' dir='ltr'>eae</span> <span class='ocrx_word' id='word_1_19' title='bbox 1413 682 1509 745; x_wconf 88' lang='lat' dir='ltr'>notae</span> <span class='ocrx_word' id='word_1_20' title='bbox 1530 682 1603 744; x_wconf 86' lang='lat' dir='ltr'>sunt</span> 
     </span>
     <span class='ocr_line' id='line_1_4' title="bbox 374 787 1605 873; baseline -0.003 -16"><span class='ocrx_word' id='word_1_21' title='bbox 374 791 561 873; x_wconf 77' lang='lat' dir='ltr'><strong>adscriptae,</strong></span> <span class='ocrx_word' id='word_1_22' title='bbox 584 789 667 856; x_wconf 91' lang='lat' dir='ltr'>unde</span> <span class='ocrx_word' id='word_1_23' title='bbox 689 787 793 873; x_wconf 81' lang='lat' dir='ltr'>colligi</span> <span class='ocrx_word' id='word_1_24' title='bbox 815 792 941 872; x_wconf 81' lang='lat' dir='ltr'><strong>oportet</strong></span> <span class='ocrx_word' id='word_1_25' title='bbox 962 806 1016 855; x_wconf 89' lang='lat' dir='ltr'>eas</span> <span class='ocrx_word' id='word_1_26' title='bbox 1038 794 1129 856; x_wconf 89' lang='lat' dir='ltr'>notas</span> <span class='ocrx_word' id='word_1_27' title='bbox 1151 808 1213 856; x_wconf 92' lang='lat' dir='ltr'>non</span> <span class='ocrx_word' id='word_1_28' title='bbox 1236 789 1354 857; x_wconf 90' lang='lat' dir='ltr'>eisdem</span> <span class='ocrx_word' id='word_1_29' title='bbox 1372 790 1463 856; x_wconf 92' lang='lat' dir='ltr'>annis</span> <span class='ocrx_word' id='word_1_30' title='bbox 1478 808 1516 855; x_wconf 91' lang='lat' dir='ltr'>ac</span> <span class='ocrx_word' id='word_1_31' title='bbox 1530 789 1605 854; x_wconf 87' lang='lat' dir='ltr'>titu-</span> 
     </span>
     <span class='ocr_line' id='line_1_5' title="bbox 377 899 1604 984; baseline -0.002 -17"><span class='ocrx_word' id='word_1_32' title='bbox 377 902 427 968; x_wconf 90' lang='lat' dir='ltr'>los</span> <span class='ocrx_word' id='word_1_33' title='bbox 449 902 534 984; x_wconf 90' lang='lat' dir='ltr'>ipsos</span> <span class='ocrx_word' id='word_1_34' title='bbox 555 901 671 983; x_wconf 87' lang='lat' dir='ltr'>quibus</span> <span class='ocrx_word' id='word_1_35' title='bbox 691 900 868 983; x_wconf 78' lang='lat' dir='ltr'>adscriptae</span> <span class='ocrx_word' id='word_1_36' title='bbox 891 904 966 966; x_wconf 92' lang='lat' dir='ltr'>sunt</span> <span class='ocrx_word' id='word_1_37' title='bbox 987 918 1056 967; x_wconf 92' lang='lat' dir='ltr'>esse</span> <span class='ocrx_word' id='word_1_38' title='bbox 1085 900 1257 982; x_wconf 83' lang='lat' dir='ltr'>coniectas,</span> <span class='ocrx_word' id='word_1_39' title='bbox 1283 901 1340 967; x_wconf 90' lang='lat' dir='ltr'>sed</span> <span class='ocrx_word' id='word_1_40' title='bbox 1367 899 1604 984; x_wconf 86' lang='lat' dir='ltr'>posterioribus.</span> 
     </span>
     <span class='ocr_line' id='line_1_6' title="bbox 375 1010 1602 1097; baseline -0.007 -17"><span class='ocrx_word' id='word_1_41' title='bbox 375 1014 409 1080; x_wconf 90' lang='lat' dir='ltr'>Si</span> <span class='ocrx_word' id='word_1_42' title='bbox 431 1013 594 1097; x_wconf 87' lang='lat' dir='ltr'>quaeritur</span> <span class='ocrx_word' id='word_1_43' title='bbox 614 1031 689 1079; x_wconf 92' lang='lat' dir='ltr'>num</span> <span class='ocrx_word' id='word_1_44' title='bbox 702 1011 784 1079; x_wconf 83' lang='lat' dir='ltr'>forte</span> <span class='ocrx_word' id='word_1_45' title='bbox 805 1012 838 1078; x_wconf 94' lang='lat' dir='ltr'>in</span> <span class='ocrx_word' id='word_1_46' title='bbox 860 1010 930 1077; x_wconf 87' lang='lat' dir='ltr'>aliis</span> <span class='ocrx_word' id='word_1_47' title='bbox 944 1011 1046 1078; x_wconf 89' lang='lat' dir='ltr'>titulis</span> <span class='ocrx_word' id='word_1_48' title='bbox 1068 1012 1196 1095; x_wconf 91' lang='lat' dir='ltr'>quidam</span> <span class='ocrx_word' id='word_1_49' title='bbox 1218 1012 1602 1080; x_wconf 77' lang='lat' dir='ltr'>exhisce»i1erculibus‹</span> 
     </span>
     <span class='ocr_line' id='line_1_7' title="bbox 374 1122 1604 1211; baseline -0.002 -22"><span class='ocrx_word' id='word_1_50' title='bbox 374 1123 649 1207; x_wconf 80' lang='lat' dir='ltr'>deprehendantur</span> <span class='ocrx_word' id='word_1_51' title='bbox 676 1123 759 1189; x_wconf 88' lang='lat' dir='ltr'>inter</span> <span class='ocrx_word' id='word_1_52' title='bbox 786 1122 940 1206; x_wconf 85' lang='lat' dir='ltr'>ephebos,</span> <span class='ocrx_word' id='word_1_53' title='bbox 969 1142 1033 1191; x_wconf 92' lang='lat' dir='ltr'>unc</span> <span class='ocrx_word' id='word_1_54' title='bbox 1060 1128 1146 1191; x_wconf 90' lang='lat' dir='ltr'>certe</span> <span class='ocrx_word' id='word_1_55' title='bbox 1177 1125 1317 1208; x_wconf 83' lang='lat' dir='ltr'>exemplo</span> <span class='ocrx_word' id='word_1_56' title='bbox 1340 1122 1524 1211; x_wconf 86' lang='lat' dir='ltr'>confirmare</span> <span class='ocrx_word' id='word_1_57' title='bbox 1545 1123 1604 1188; x_wconf 90' lang='lat' dir='ltr'>hoc</span> 
     </span>
     <span class='ocr_line' id='line_1_8' title="bbox 374 1230 1602 1325; baseline -0.003 -23"><span class='ocrx_word' id='word_1_58' title='bbox 374 1254 467 1318; x_wconf 88' lang='lat' dir='ltr'>posse</span> <span class='ocrx_word' id='word_1_59' title='bbox 499 1235 576 1301; x_wconf 92' lang='lat' dir='ltr'>mihi</span> <span class='ocrx_word' id='word_1_60' title='bbox 607 1235 726 1303; x_wconf 78' lang='lat' dir='ltr'>videor.</span> <span class='ocrx_word' id='word_1_61' title='bbox 778 1234 903 1302; x_wconf 86' lang='lat' dir='ltr'>Etenim</span> <span class='ocrx_word' id='word_1_62' title='bbox 932 1235 965 1300; x_wconf 94' lang='lat' dir='ltr'>in</span> <span class='ocrx_word' id='word_1_63' title='bbox 993 1236 1040 1301; x_wconf 89' lang='lat' dir='ltr'>tit.</span> <span class='ocrx_word' id='word_1_64' title='bbox 1067 1230 1175 1323; x_wconf 80' lang='grc' dir='ltr'><em>Ἐφημ.</em></span> <span class='ocrx_word' id='word_1_65' title='bbox 1206 1236 1276 1325; x_wconf 62' lang='lat' dir='ltr'>opp.</span> <span class='ocrx_word' id='word_1_66' title='bbox 1305 1258 1376 1321; x_wconf 77' lang='grc' dir='ltr'><strong>περ.</strong></span> <span class='ocrx_word' id='word_1_67' title='bbox 1407 1236 1443 1300; x_wconf 88' lang='grc' dir='ltr'>Β.</span> <span class='ocrx_word' id='word_1_68' title='bbox 1466 1254 1517 1301; x_wconf 85' lang='grc'>11.</span> <span class='ocrx_word' id='word_1_69' title='bbox 1544 1240 1602 1300; x_wconf 82' lang='grc'>101</span> 
     </span>
     <span class='ocr_line' id='line_1_9' title="bbox 374 1331 1603 1431; baseline -0.002 -19"><span class='ocrx_word' id='word_1_70' title='bbox 374 1346 456 1414; x_wconf 87' lang='lat' dir='ltr'>inira</span> <span class='ocrx_word' id='word_1_71' title='bbox 481 1349 514 1414; x_wconf 92' lang='lat' dir='ltr'>in</span> <span class='ocrx_word' id='word_1_72' title='bbox 541 1347 651 1413; x_wconf 86' lang='lat' dir='ltr'>dextro</span> <span class='ocrx_word' id='word_1_73' title='bbox 674 1347 789 1429; x_wconf 82' lang='lat' dir='ltr'>angulo</span> <span class='ocrx_word' id='word_1_74' title='bbox 816 1345 893 1413; x_wconf 90' lang='lat' dir='ltr'>haec</span> <span class='ocrx_word' id='word_1_75' title='bbox 922 1351 998 1413; x_wconf 86' lang='lat' dir='ltr'>nota</span> <span class='ocrx_word' id='word_1_76' title='bbox 1025 1351 1128 1429; x_wconf 83' lang='lat' dir='ltr'>extat,</span> <span class='ocrx_word' id='word_1_77' title='bbox 1158 1331 1240 1431; x_wconf 91' lang='lat' dir='ltr'>quae</span> <span class='ocrx_word' id='word_1_78' title='bbox 1268 1365 1340 1415; x_wconf 86' lang='lat' dir='ltr'>cum</span> <span class='ocrx_word' id='word_1_79' title='bbox 1367 1345 1487 1429; x_wconf 90' lang='lat' dir='ltr'>reliquo</span> <span class='ocrx_word' id='word_1_80' title='bbox 1519 1346 1603 1412; x_wconf 90' lang='lat' dir='ltr'>tituli</span> 
     </span>
     <span class='ocr_line' id='line_1_10' title="bbox 375 1453 1604 1544; baseline -0.002 -19"><span class='ocrx_word' id='word_1_81' title='bbox 375 1463 522 1525; x_wconf 76' lang='lat' dir='ltr'>contextu</span> <span class='ocrx_word' id='word_1_82' title='bbox 549 1458 627 1524; x_wconf 87' lang='lat' dir='ltr'>nihil</span> <span class='ocrx_word' id='word_1_83' title='bbox 647 1459 766 1541; x_wconf 78' lang='lat' dir='ltr'>negotii</span> <span class='ocrx_word' id='word_1_84' title='bbox 786 1458 892 1541; x_wconf 82' lang='lat' dir='ltr'>habet,</span> <span class='ocrx_word' id='word_1_85' title='bbox 919 1457 970 1521; x_wconf 85' lang='grc' dir='ltr'>ΤΗ</span> <span class='ocrx_word' id='word_1_86' title='bbox 975 1471 993 1513; x_wconf 74' lang='grc' dir='ltr'>Χ</span> <span class='ocrx_word' id='word_1_87' title='bbox 1009 1453 1153 1544; x_wconf 77' lang='grc' dir='ltr'><em>Ἡρακλεῖ</em></span> <span class='ocrx_word' id='word_1_88' title='bbox 1170 1456 1331 1521; x_wconf 66' lang='lat' dir='ltr'>Koresia</span> <span class='ocrx_word' id='word_1_89' title='bbox 1354 1455 1518 1543; x_wconf 77' lang='grc' dir='ltr'><em>Φιλέρωτιτ</em></span> <span class='ocrx_word' id='word_1_90' title='bbox 1546 1457 1604 1523; x_wconf 73' lang='lat' dir='ltr'>(io-</span> 
     </span>
     <span class='ocr_line' id='line_1_11' title="bbox 368 1568 1604 1653; baseline -0.001 -18"><span class='ocrx_word' id='word_1_91' title='bbox 368 1570 488 1652; x_wconf 87' lang='lat' dir='ltr'>pcnius</span> <span class='ocrx_word' id='word_1_92' title='bbox 509 1572 650 1638; x_wconf 90' lang='lat' dir='ltr'>Phileros</span> <span class='ocrx_word' id='word_1_93' title='bbox 672 1571 704 1637; x_wconf 93' lang='lat' dir='ltr'>in</span> <span class='ocrx_word' id='word_1_94' title='bbox 726 1569 918 1652; x_wconf 85' lang='lat' dir='ltr'>epheborum</span> <span class='ocrx_word' id='word_1_95' title='bbox 940 1570 1084 1653; x_wconf 80' lang='lat' dir='ltr'>catalogo</span> <span class='ocrx_word' id='word_1_96' title='bbox 1106 1569 1191 1636; x_wconf 87' lang='lat' dir='ltr'>illius</span> <span class='ocrx_word' id='word_1_97' title='bbox 1219 1568 1304 1636; x_wconf 91' lang='lat' dir='ltr'>tituli</span> <span class='ocrx_word' id='word_1_98' title='bbox 1325 1569 1467 1651; x_wconf 87' lang='lat' dir='ltr'>quamvis</span> <span class='ocrx_word' id='word_1_99' title='bbox 1489 1568 1604 1650; x_wconf 83' lang='lat' dir='ltr'>integri</span> 
     </span>
     <span class='ocr_line' id='line_1_12' title="bbox 374 1679 1605 1765; baseline -0.002 -17"><span class='ocrx_word' id='word_1_100' title='bbox 374 1701 437 1749; x_wconf 92' lang='lat' dir='ltr'>non</span> <span class='ocrx_word' id='word_1_101' title='bbox 458 1682 624 1764; x_wconf 89' lang='lat' dir='ltr'>reperitur.</span> <span class='ocrx_word' id='word_1_102' title='bbox 667 1682 836 1765; x_wconf 87' lang='lat' dir='ltr'>Reperitur</span> <span class='ocrx_word' id='word_1_103' title='bbox 856 1701 931 1748; x_wconf 88' lang='lat' dir='ltr'>vero</span> <span class='ocrx_word' id='word_1_104' title='bbox 952 1681 986 1747; x_wconf 92' lang='lat' dir='ltr'>in</span> <span class='ocrx_word' id='word_1_105' title='bbox 1008 1682 1069 1747; x_wconf 92' lang='lat' dir='ltr'>alio</span> <span class='ocrx_word' id='word_1_106' title='bbox 1092 1681 1244 1763; x_wconf 81' lang='lat' dir='ltr'>catalogo,</span> <span class='ocrx_word' id='word_1_107' title='bbox 1268 1699 1379 1763; x_wconf 93' lang='lat' dir='ltr'>nempe</span> <span class='ocrx_word' id='word_1_108' title='bbox 1401 1680 1485 1745; x_wconf 90' lang='lat' dir='ltr'>inter</span> <span class='ocrx_word' id='word_1_109' title='bbox 1511 1679 1605 1762; x_wconf 81' lang='lat' dir='ltr'>ephe</span> 
     </span>
     <span class='ocr_line' id='line_1_13' title="bbox 375 1790 1604 1875; baseline -0.002 -17"><span class='ocrx_word' id='word_1_110' title='bbox 375 1793 432 1859; x_wconf 89' lang='lat' dir='ltr'>bos</span> <span class='ocrx_word' id='word_1_111' title='bbox 457 1793 517 1861; x_wconf 92' lang='lat' dir='ltr'>sub</span> <span class='ocrx_word' id='word_1_112' title='bbox 546 1794 632 1859; x_wconf 90' lang='lat' dir='ltr'>tribu</span> <span class='ocrx_word' id='word_1_113' title='bbox 653 1792 863 1861; x_wconf 89' lang='lat' dir='ltr'>Erechtheide</span> <span class='ocrx_word' id='word_1_114' title='bbox 890 1793 1062 1860; x_wconf 88' lang='lat' dir='ltr'>recensitos</span> <span class='ocrx_word' id='word_1_115' title='bbox 1084 1793 1116 1859; x_wconf 93' lang='grc'>11</span> <span class='ocrx_word' id='word_1_116' title='bbox 1142 1792 1228 1859; x_wconf 92' lang='lat' dir='ltr'>tituli</span> <span class='ocrx_word' id='word_1_117' title='bbox 1256 1792 1398 1875; x_wconf 91' lang='lat' dir='ltr'>ephebici</span> <span class='ocrx_word' id='word_1_118' title='bbox 1428 1790 1604 1872; x_wconf 80' lang='lat' dir='ltr'>hagmento</span> 
     </span>
     <span class='ocr_line' id='line_1_14' title="bbox 376 1903 1599 1990; baseline 0.001 -23"><span class='ocrx_word' id='word_1_119' title='bbox 376 1903 460 1987; x_wconf 92' lang='lat' dir='ltr'>apud</span> <span class='ocrx_word' id='word_1_120' title='bbox 477 1904 624 1971; x_wconf 90' lang='lat' dir='ltr'>Rossium</span> <span class='ocrx_word' id='word_1_121' title='bbox 642 1905 681 1971; x_wconf 95' lang='lat' dir='ltr'>de</span> <span class='ocrx_word' id='word_1_122' title='bbox 696 1905 776 1972; x_wconf 82' lang='lat' dir='ltr'>dem.</span> <span class='ocrx_word' id='word_1_123' title='bbox 793 1925 864 1990; x_wconf 80' lang='lat' dir='ltr'>pag.</span> <span class='ocrx_word' id='word_1_124' title='bbox 890 1911 930 1972; x_wconf 84' lang='lat'>30</span> <span class='ocrx_word' id='word_1_125' title='bbox 945 1925 995 1973; x_wconf 89' lang='lat' dir='ltr'>no.</span> <span class='ocrx_word' id='word_1_126' title='bbox 1008 1912 1038 1972; x_wconf 92' lang='grc'>8.</span> <span class='ocrx_word' id='word_1_127' title='bbox 1075 1906 1271 1988; x_wconf 78' lang='lat' dir='ltr'>Quamquam</span> <span class='ocrx_word' id='word_1_128' title='bbox 1287 1910 1392 1971; x_wconf 88' lang='lat' dir='ltr'>autem</span> <span class='ocrx_word' id='word_1_129' title='bbox 1409 1921 1511 1985; x_wconf 89' lang='lat' dir='ltr'>neque</span> <span class='ocrx_word' id='word_1_130' title='bbox 1527 1904 1599 1968; x_wconf 88' lang='lat' dir='ltr'>Ros·</span> 
     </span>
     <span class='ocr_line' id='line_1_15' title="bbox 376 2000 1605 2100; baseline 0.001 -20"><span class='ocrx_word' id='word_1_131' title='bbox 376 2014 457 2080; x_wconf 88' lang='lat' dir='ltr'>siani</span> <span class='ocrx_word' id='word_1_132' title='bbox 478 2035 580 2099; x_wconf 90' lang='lat' dir='ltr'>nequa</span> <span class='ocrx_word' id='word_1_133' title='bbox 596 2016 813 2100; x_wconf 85' lang='lat' dir='ltr'>Ephemeridis</span> <span class='ocrx_word' id='word_1_134' title='bbox 835 2018 921 2084; x_wconf 90' lang='lat' dir='ltr'>tituli</span> <span class='ocrx_word' id='word_1_135' title='bbox 935 2025 1023 2086; x_wconf 89' lang='lat' dir='ltr'>aetas</span> <span class='ocrx_word' id='word_1_136' title='bbox 1046 2000 1180 2100; x_wconf 87' lang='lat' dir='ltr'>constat,</span> <span class='ocrx_word' id='word_1_137' title='bbox 1202 2023 1308 2084; x_wconf 87' lang='lat' dir='ltr'>tamen</span> <span class='ocrx_word' id='word_1_138' title='bbox 1323 2018 1401 2082; x_wconf 87' lang='lat' dir='ltr'>satis</span> <span class='ocrx_word' id='word_1_139' title='bbox 1420 2020 1470 2082; x_wconf 90' lang='lat' dir='ltr'>est</span> <span class='ocrx_word' id='word_1_140' title='bbox 1484 2014 1605 2081; x_wconf 91' lang='lat' dir='ltr'>intelle·</span> 
     </span>
     <span class='ocr_line' id='line_1_16' title="bbox 376 2125 1604 2212; baseline -0.003 -20"><span class='ocrx_word' id='word_1_141' title='bbox 376 2144 451 2208; x_wconf 80' lang='lat' dir='ltr'>gere</span> <span class='ocrx_word' id='word_1_142' title='bbox 465 2132 572 2192; x_wconf 90' lang='lat' dir='ltr'>notam</span> <span class='ocrx_word' id='word_1_143' title='bbox 593 2127 678 2194; x_wconf 90' lang='lat' dir='ltr'>illam</span> <span class='ocrx_word' id='word_1_144' title='bbox 700 2129 732 2194; x_wconf 95' lang='lat' dir='ltr'>in</span> <span class='ocrx_word' id='word_1_145' title='bbox 754 2127 974 2212; x_wconf 85' lang='lat' dir='ltr'>Ephemeridis</span> <span class='ocrx_word' id='word_1_146' title='bbox 996 2128 1088 2195; x_wconf 91' lang='lat' dir='ltr'>titulo</span> <span class='ocrx_word' id='word_1_147' title='bbox 1111 2146 1174 2194; x_wconf 94' lang='lat' dir='ltr'>non</span> <span class='ocrx_word' id='word_1_148' title='bbox 1196 2128 1305 2195; x_wconf 91' lang='lat' dir='ltr'>ecdem</span> <span class='ocrx_word' id='word_1_149' title='bbox 1321 2146 1402 2194; x_wconf 92' lang='lat' dir='ltr'>anno</span> <span class='ocrx_word' id='word_1_150' title='bbox 1418 2144 1487 2192; x_wconf 89' lang='lat' dir='ltr'>esse</span> <span class='ocrx_word' id='word_1_151' title='bbox 1502 2125 1604 2206; x_wconf 84' lang='lat' dir='ltr'>sculp</span> 
     </span>
     <span class='ocr_line' id='line_1_17' title="bbox 376 2238 1606 2323; baseline -0.002 -21"><span class='ocrx_word' id='word_1_152' title='bbox 376 2241 442 2302; x_wconf 88' lang='lat' dir='ltr'>tam</span> <span class='ocrx_word' id='word_1_153' title='bbox 461 2255 523 2319; x_wconf 90' lang='lat' dir='ltr'>quo</span> <span class='ocrx_word' id='word_1_154' title='bbox 537 2238 605 2320; x_wconf 90' lang='lat' dir='ltr'>ipse</span> <span class='ocrx_word' id='word_1_155' title='bbox 626 2239 767 2323; x_wconf 88' lang='lat' dir='ltr'>rehquus</span> <span class='ocrx_word' id='word_1_156' title='bbox 788 2240 911 2317; x_wconf 91' lang='lat' dir='ltr'>titulus,</span> <span class='ocrx_word' id='word_1_157' title='bbox 934 2241 991 2308; x_wconf 88' lang='lat' dir='ltr'>sed</span> <span class='ocrx_word' id='word_1_158' title='bbox 1005 2241 1179 2323; x_wconf 89' lang='lat' dir='ltr'>posteriore</span> <span class='ocrx_word' id='word_1_159' title='bbox 1195 2239 1329 2306; x_wconf 91' lang='lat' dir='ltr'>demum.</span> <span class='ocrx_word' id='word_1_160' title='bbox 1362 2239 1450 2304; x_wconf 93' lang='lat' dir='ltr'>Idem</span> <span class='ocrx_word' id='word_1_161' title='bbox 1465 2255 1541 2319; x_wconf 82' lang='lat' dir='ltr'>ergo</span> <span class='ocrx_word' id='word_1_162' title='bbox 1557 2240 1606 2303; x_wconf 88' lang='lat' dir='ltr'>est</span> 
     </span>
     <span class='ocr_line' id='line_1_18' title="bbox 374 2347 1604 2436; baseline -0.002 -20"><span class='ocrx_word' id='word_1_163' title='bbox 374 2348 577 2416; x_wconf 90' lang='lat' dir='ltr'>statuendum</span> <span class='ocrx_word' id='word_1_164' title='bbox 592 2349 632 2417; x_wconf 94' lang='lat' dir='ltr'>de</span> <span class='ocrx_word' id='word_1_165' title='bbox 647 2370 686 2417; x_wconf 90' lang='lat' dir='ltr'>ea</span> <span class='ocrx_word' id='word_1_166' title='bbox 701 2371 740 2418; x_wconf 84' lang='lat' dir='ltr'>ex</span> <span class='ocrx_word' id='word_1_167' title='bbox 754 2371 816 2436; x_wconf 88' lang='lat' dir='ltr'>qna</span> <span class='ocrx_word' id='word_1_168' title='bbox 830 2351 963 2436; x_wconf 88' lang='lat' dir='ltr'>proiecti</span> <span class='ocrx_word' id='word_1_169' title='bbox 978 2371 1086 2418; x_wconf 90' lang='lat' dir='ltr'>sumus</span> <span class='ocrx_word' id='word_1_170' title='bbox 1101 2357 1177 2418; x_wconf 89' lang='lat' dir='ltr'>nota</span> <span class='ocrx_word' id='word_1_171' title='bbox 1192 2352 1237 2434; x_wconf 88' lang='lat' dir='ltr'>(in</span> <span class='ocrx_word' id='word_1_172' title='bbox 1251 2351 1300 2416; x_wconf 85' lang='lat' dir='ltr'>tit.</span> <span class='ocrx_word' id='word_1_173' title='bbox 1313 2348 1376 2413; x_wconf 75' lang='lat' dir='ltr'>dri.</span> <span class='ocrx_word' id='word_1_174' title='bbox 1392 2347 1448 2425; x_wconf 89' lang='lat' dir='ltr'>IV,</span> <span class='ocrx_word' id='word_1_175' title='bbox 1464 2354 1537 2429; x_wconf 79' lang='grc'>488,</span> <span class='ocrx_word' id='word_1_176' title='bbox 1556 2348 1604 2429; x_wconf 88' lang='grc'>1);</span> 
     </span>
     <span class='ocr_line' id='line_1_19' title="bbox 374 2457 1603 2547; baseline -0.004 -21"><span class='ocrx_word' id='word_1_177' title='bbox 374 2461 467 2526; x_wconf 89' lang='lat' dir='ltr'>immo</span> <span class='ocrx_word' id='word_1_178' title='bbox 495 2461 626 2527; x_wconf 84' lang='lat' dir='ltr'>dixerim</span> <span class='ocrx_word' id='word_1_179' title='bbox 653 2462 750 2530; x_wconf 89' lang='lat' dir='ltr'>verba</span> <span class='ocrx_word' id='word_1_180' title='bbox 776 2482 858 2547; x_wconf 90' lang='lat' dir='ltr'>quae</span> <span class='ocrx_word' id='word_1_181' title='bbox 879 2465 922 2530; x_wconf 91' lang='lat' dir='ltr'>ibi</span> <span class='ocrx_word' id='word_1_182' title='bbox 943 2464 1106 2546; x_wconf 83' lang='lat' dir='ltr'>leguntur,</span> <span class='ocrx_word' id='word_1_183' title='bbox 1137 2469 1184 2547; x_wconf 76' lang='grc' dir='ltr'>τῷ</span> <span class='ocrx_word' id='word_1_184' title='bbox 1207 2460 1350 2546; x_wconf 79' lang='grc' dir='ltr'><em>Ἡρακλεῖ</em></span> <span class='ocrx_word' id='word_1_185' title='bbox 1375 2461 1423 2523; x_wconf 79' lang='grc' dir='ltr'>καὶ</span> <span class='ocrx_word' id='word_1_186' title='bbox 1452 2457 1603 2545; x_wconf 72' lang='grc' dir='ltr'><em>εὐρύθμῳ</em></span> 
     </span>
     <span class='ocr_line' id='line_1_20' title="bbox 373 2570 1602 2659; baseline 0.002 -24"><span class='ocrx_word' id='word_1_187' title='bbox 373 2570 498 2659; x_wconf 80' lang='grc' dir='ltr'>Γαύρῳ,</span> <span class='ocrx_word' id='word_1_188' title='bbox 521 2577 664 2654; x_wconf 89' lang='lat' dir='ltr'>spectare</span> <span class='ocrx_word' id='word_1_189' title='bbox 686 2574 728 2641; x_wconf 91' lang='lat' dir='ltr'>ad</span> <span class='ocrx_word' id='word_1_190' title='bbox 750 2593 821 2640; x_wconf 91' lang='lat' dir='ltr'>eum</span> <span class='ocrx_word' id='word_1_191' title='bbox 844 2574 998 2657; x_wconf 91' lang='lat' dir='ltr'>ephebum</span> <span class='ocrx_word' id='word_1_192' title='bbox 1021 2575 1075 2659; x_wconf 90' lang='lat' dir='ltr'>qui</span> <span class='ocrx_word' id='word_1_193' title='bbox 1095 2575 1128 2639; x_wconf 93' lang='grc'>11</span> <span class='ocrx_word' id='word_1_194' title='bbox 1151 2574 1198 2641; x_wconf 88' lang='lat' dir='ltr'>tit.</span> <span class='ocrx_word' id='word_1_195' title='bbox 1223 2571 1288 2638; x_wconf 81' lang='grc' dir='ltr'><em>Φιλ.</em></span> <span class='ocrx_word' id='word_1_196' title='bbox 1314 2573 1369 2653; x_wconf 87' lang='lat' dir='ltr'>IV,</span> <span class='ocrx_word' id='word_1_197' title='bbox 1387 2575 1456 2652; x_wconf 88' lang='lat'><strong>168,</strong></span> <span class='ocrx_word' id='word_1_198' title='bbox 1477 2575 1507 2652; x_wconf 86' lang='lat'>2,</span> <span class='ocrx_word' id='word_1_199' title='bbox 1530 2572 1602 2638; x_wconf 89' lang='lat' dir='ltr'>circ.</span> 
     </span>
    </p>
   </div>
   <div class='ocr_carea' id='block_1_3' title="bbox 374 2680 1603 2991">
    <p class='ocr_par' dir='ltr' id='par_1_3' title="bbox 374 2680 1603 2991">
     <span class='ocr_line' id='line_1_21' title="bbox 374 2680 1603 2769; baseline 0.002 -20"><span class='ocrx_word' id='word_1_200' title='bbox 374 2703 402 2749; x_wconf 92' lang='lat' dir='ltr'>a.</span> <span class='ocrx_word' id='word_1_201' title='bbox 434 2690 493 2749; x_wconf 83' lang='grc'>115</span> <span class='ocrx_word' id='word_1_202' title='bbox 521 2686 696 2769; x_wconf 89' lang='lat' dir='ltr'>conposito,</span> <span class='ocrx_word' id='word_1_203' title='bbox 731 2685 764 2751; x_wconf 93' lang='lat' dir='ltr'>in</span> <span class='ocrx_word' id='word_1_204' title='bbox 792 2685 903 2752; x_wconf 84' lang='lat' dir='ltr'>dextro</span> <span class='ocrx_word' id='word_1_205' title='bbox 930 2687 1030 2753; x_wconf 89' lang='lat' dir='ltr'>latere</span> <span class='ocrx_word' id='word_1_206' title='bbox 1058 2704 1104 2753; x_wconf 80' lang='grc'>11.</span> <span class='ocrx_word' id='word_1_207' title='bbox 1126 2691 1165 2750; x_wconf 87' lang='grc'>14</span> <span class='ocrx_word' id='word_1_208' title='bbox 1197 2684 1356 2751; x_wconf 87' lang='lat' dir='ltr'>invenitur</span> <span class='ocrx_word' id='word_1_209' title='bbox 1384 2680 1603 2768; x_wconf 77' lang='grc' dir='ltr'><strong>111.Γαῦρος;</strong></span> 
     </span>
     <span class='ocr_line' id='line_1_22' title="bbox 374 2791 1602 2881; baseline 0.005 -23"><span class='ocrx_word' id='word_1_210' title='bbox 374 2811 455 2877; x_wconf 88' lang='lat' dir='ltr'>quae</span> <span class='ocrx_word' id='word_1_211' title='bbox 481 2796 639 2862; x_wconf 85' lang='lat' dir='ltr'>sententia</span> <span class='ocrx_word' id='word_1_212' title='bbox 664 2814 705 2862; x_wconf 90' lang='lat' dir='ltr'>ne</span> <span class='ocrx_word' id='word_1_213' title='bbox 732 2796 784 2863; x_wconf 90' lang='lat' dir='ltr'>cui</span> <span class='ocrx_word' id='word_1_214' title='bbox 811 2797 961 2863; x_wconf 78' lang='lat' dir='ltr'>audacior</span> <span class='ocrx_word' id='word_1_215' title='bbox 988 2796 1133 2863; x_wconf 86' lang='lat' dir='ltr'>videatur</span> <span class='ocrx_word' id='word_1_216' title='bbox 1163 2815 1273 2862; x_wconf 92' lang='lat' dir='ltr'>moneo</span> <span class='ocrx_word' id='word_1_217' title='bbox 1302 2813 1415 2861; x_wconf 89' lang='lat' dir='ltr'>nomen</span> <span class='ocrx_word' id='word_1_218' title='bbox 1439 2791 1602 2881; x_wconf 67' lang='grc' dir='ltr'>»Γαῢροςι</span> 
     </span>
     <span class='ocr_line' id='line_1_23' title="bbox 374 2905 1603 2991; baseline -0.001 -20"><span class='ocrx_word' id='word_1_219' title='bbox 374 2905 512 2988; x_wconf 83' lang='lat' dir='ltr'>exceptis</span> <span class='ocrx_word' id='word_1_220' title='bbox 530 2906 653 2974; x_wconf 91' lang='lat' dir='ltr'>dnobus</span> <span class='ocrx_word' id='word_1_221' title='bbox 674 2905 736 2973; x_wconf 92' lang='lat' dir='ltr'>illis</span> <span class='ocrx_word' id='word_1_222' title='bbox 758 2925 837 2989; x_wconf 89' lang='lat' dir='ltr'>quos</span> <span class='ocrx_word' id='word_1_223' title='bbox 859 2907 993 2975; x_wconf 85' lang='lat' dir='ltr'>indicaui</span> <span class='ocrx_word' id='word_1_224' title='bbox 1014 2907 1090 2975; x_wconf 90' lang='lat' dir='ltr'>locis</span> <span class='ocrx_word' id='word_1_225' title='bbox 1112 2926 1269 2991; x_wconf 88' lang='lat' dir='ltr'>nusquam</span> <span class='ocrx_word' id='word_1_226' title='bbox 1290 2907 1393 2973; x_wconf 89' lang='lat' dir='ltr'>adhuc</span> <span class='ocrx_word' id='word_1_227' title='bbox 1415 2924 1485 2973; x_wconf 87' lang='lat' dir='ltr'>esse</span> <span class='ocrx_word' id='word_1_228' title='bbox 1500 2924 1603 2989; x_wconf 89' lang='lat' dir='ltr'>reper-</span> 
     </span>
    </p>
   </div>
   <div class='ocr_carea' id='block_1_4' title="bbox 377 3017 1605 3101">
    <p class='ocr_par' dir='ltr' id='par_1_4' title="bbox 377 3017 1605 3101">
     <span class='ocr_line' id='line_1_24' title="bbox 377 3017 1605 3101; baseline 0.002 -21"><span class='ocrx_word' id='word_1_229' title='bbox 377 3019 454 3081; x_wconf 88' lang='lat' dir='ltr'>tum.</span> <span class='ocrx_word' id='word_1_230' title='bbox 498 3017 634 3085; x_wconf 92' lang='lat' dir='ltr'>Proinde</span> <span class='ocrx_word' id='word_1_231' title='bbox 656 3019 684 3084; x_wconf 95' lang='lat' dir='ltr'>si</span> <span class='ocrx_word' id='word_1_232' title='bbox 704 3020 861 3085; x_wconf 89' lang='lat' dir='ltr'>sententia</span> <span class='ocrx_word' id='word_1_233' title='bbox 882 3023 992 3084; x_wconf 90' lang='lat' dir='ltr'>nostra</span> <span class='ocrx_word' id='word_1_234' title='bbox 1014 3017 1080 3084; x_wconf 89' lang='lat' dir='ltr'>veri</span> <span class='ocrx_word' id='word_1_235' title='bbox 1100 3017 1181 3084; x_wconf 92' lang='lat' dir='ltr'>haut</span> <span class='ocrx_word' id='word_1_236' title='bbox 1202 3018 1361 3083; x_wconf 89' lang='lat' dir='ltr'>dissimilis</span> <span class='ocrx_word' id='word_1_237' title='bbox 1383 3023 1447 3099; x_wconf 89' lang='lat' dir='ltr'>est,</span> <span class='ocrx_word' id='word_1_238' title='bbox 1469 3017 1524 3083; x_wconf 88' lang='lat' dir='ltr'>ilia</span> <span class='ocrx_word' id='word_1_239' title='bbox 1543 3035 1605 3101; x_wconf 91' lang='lat' dir='ltr'>qua</span> 
     </span>
    </p>
   </div>
   <div class='ocr_carea' id='block_1_5' title="bbox 242 3121 1604 3213">
    <p class='ocr_par' dir='ltr' id='par_1_5' title="bbox 242 3121 1604 3213">
     <span class='ocr_line' id='line_1_25' title="bbox 242 3121 1604 3213; baseline -0.001 -19"><span class='ocrx_word' id='word_1_240' title='bbox 242 3190 244 3194; x_wconf 81' lang='grc'>,</span> <span class='ocrx_word' id='word_1_241' title='bbox 374 3133 588 3202; x_wconf 85' lang='lat' dir='ltr'>memorantur</span> <span class='ocrx_word' id='word_1_242' title='bbox 608 3128 834 3213; x_wconf 86' lang='lat' dir='ltr'>Philadelphea</span> <span class='ocrx_word' id='word_1_243' title='bbox 855 3135 931 3197; x_wconf 86' lang='lat' dir='ltr'>nota</span> <span class='ocrx_word' id='word_1_244' title='bbox 954 3128 1032 3213; x_wconf 79' lang='grc' dir='ltr'><em>(Φιλ.</em></span> <span class='ocrx_word' id='word_1_245' title='bbox 1054 3130 1109 3210; x_wconf 86' lang='lat' dir='ltr'>lv,</span> <span class='ocrx_word' id='word_1_246' title='bbox 1130 3121 1204 3212; x_wconf 81' lang='grc'>458,</span> <span class='ocrx_word' id='word_1_247' title='bbox 1230 3132 1261 3212; x_wconf 89' lang='grc'>1)</span> <span class='ocrx_word' id='word_1_248' title='bbox 1284 3130 1448 3211; x_wconf 81' lang='lat' dir='ltr'>sexaginta</span> <span class='ocrx_word' id='word_1_249' title='bbox 1470 3126 1604 3194; x_wconf 79' lang='grc'><strong>111111-</strong></span> 
     </span>
    </p>
   </div>
   <div class='ocr_carea' id='block_1_6' title="bbox 374 3238 1603 3548">
    <p class='ocr_par' dir='ltr' id='par_1_6' title="bbox 374 3238 1603 3548">
     <span class='ocr_line' id='line_1_26' title="bbox 374 3238 1603 3324; baseline 0.002 -21"><span class='ocrx_word' id='word_1_250' title='bbox 374 3238 424 3304; x_wconf 90' lang='lat' dir='ltr'>nis</span> <span class='ocrx_word' id='word_1_251' title='bbox 446 3244 518 3321; x_wconf 92' lang='lat' dir='ltr'>post</span> <span class='ocrx_word' id='word_1_252' title='bbox 536 3238 665 3305; x_wconf 85' lang='lat' dir='ltr'>titulum</span> <span class='ocrx_word' id='word_1_253' title='bbox 685 3240 730 3306; x_wconf 92' lang='lat' dir='ltr'>ibi</span> <span class='ocrx_word' id='word_1_254' title='bbox 753 3241 905 3324; x_wconf 91' lang='lat' dir='ltr'>scriptum</span> <span class='ocrx_word' id='word_1_255' title='bbox 925 3240 1039 3322; x_wconf 87' lang='lat' dir='ltr'>lapidis</span> <span class='ocrx_word' id='word_1_256' title='bbox 1061 3241 1152 3307; x_wconf 90' lang='lat' dir='ltr'>lateri</span> <span class='ocrx_word' id='word_1_257' title='bbox 1178 3240 1336 3323; x_wconf 89' lang='lat' dir='ltr'>insculpta</span> <span class='ocrx_word' id='word_1_258' title='bbox 1364 3245 1414 3307; x_wconf 89' lang='lat' dir='ltr'>est</span> <span class='ocrx_word' id='word_1_259' title='bbox 1442 3241 1483 3306; x_wconf 90' lang='lat' dir='ltr'>ab</span> <span class='ocrx_word' id='word_1_260' title='bbox 1512 3240 1603 3322; x_wconf 82' lang='lat' dir='ltr'>ephe</span> 
     </span>
     <span class='ocr_line' id='line_1_27' title="bbox 375 3348 1603 3434; baseline 0.002 -17"><span class='ocrx_word' id='word_1_261' title='bbox 375 3348 439 3432; x_wconf 78' lang='lat' dir='ltr'>bis3</span> <span class='ocrx_word' id='word_1_262' title='bbox 468 3368 549 3432; x_wconf 89' lang='lat' dir='ltr'>quae</span> <span class='ocrx_word' id='word_1_263' title='bbox 571 3369 622 3417; x_wconf 88' lang='lat' dir='ltr'>res</span> <span class='ocrx_word' id='word_1_264' title='bbox 645 3352 783 3420; x_wconf 89' lang='lat' dir='ltr'>cumeis</span> <span class='ocrx_word' id='word_1_265' title='bbox 805 3369 886 3434; x_wconf 89' lang='lat' dir='ltr'>qnae</span> <span class='ocrx_word' id='word_1_266' title='bbox 908 3353 941 3418; x_wconf 95' lang='grc'>11</span> <span class='ocrx_word' id='word_1_267' title='bbox 963 3351 1145 3419; x_wconf 85' lang='lat' dir='ltr'>universum</span> <span class='ocrx_word' id='word_1_268' title='bbox 1167 3352 1206 3419; x_wconf 93' lang='lat' dir='ltr'>de</span> <span class='ocrx_word' id='word_1_269' title='bbox 1228 3351 1314 3419; x_wconf 89' lang='lat' dir='ltr'>hisce</span> <span class='ocrx_word' id='word_1_270' title='bbox 1340 3352 1423 3418; x_wconf 92' lang='lat' dir='ltr'>notis</span> <span class='ocrx_word' id='word_1_271' title='bbox 1446 3368 1544 3434; x_wconf 89' lang='lat' dir='ltr'>supra</span> <span class='ocrx_word' id='word_1_272' title='bbox 1560 3350 1603 3419; x_wconf 89' lang='lat' dir='ltr'>di·</span> 
     </span>
     <span class='ocr_line' id='line_1_28' title="bbox 375 3460 793 3548; baseline 0.005 -22"><span class='ocrx_word' id='word_1_273' title='bbox 375 3460 479 3528; x_wconf 83' lang='lat' dir='ltr'>ximus</span> <span class='ocrx_word' id='word_1_274' title='bbox 501 3462 617 3545; x_wconf 91' lang='lat' dir='ltr'>optime</span> <span class='ocrx_word' id='word_1_275' title='bbox 639 3464 793 3548; x_wconf 81' lang='lat' dir='ltr'>congruit.</span> 
     </span>
    </p>
   </div>
   <div class='ocr_carea' id='block_1_7' title="bbox 462 3573 1732 3659">
    <p class='ocr_par' dir='ltr' id='par_1_7' title="bbox 462 3573 1732 3659">
     <span class='ocr_line' id='line_1_29' title="bbox 462 3573 1732 3659; baseline 0.002 -21"><span class='ocrx_word' id='word_1_276' title='bbox 462 3573 545 3653; x_wconf 83' lang='lat' dir='ltr'>Quid</span> <span class='ocrx_word' id='word_1_277' title='bbox 566 3575 687 3642; x_wconf 81' lang='lat' dir='ltr'>muita?</span> <span class='ocrx_word' id='word_1_278' title='bbox 708 3574 763 3643; x_wconf 90' lang='lat' dir='ltr'>ilia</span> <span class='ocrx_word' id='word_1_279' title='bbox 783 3581 876 3653; x_wconf 85' lang='lat' dir='ltr'>nota,</span> <span class='ocrx_word' id='word_1_280' title='bbox 905 3594 969 3658; x_wconf 89' lang='lat' dir='ltr'>qna</span> <span class='ocrx_word' id='word_1_281' title='bbox 989 3575 1283 3659; x_wconf 89' lang='lat' dir='ltr'>Philadelpheorum</span> <span class='ocrx_word' id='word_1_282' title='bbox 1304 3575 1420 3644; x_wconf 93' lang='lat' dir='ltr'>mentio</span> <span class='ocrx_word' id='word_1_283' title='bbox 1441 3574 1479 3641; x_wconf 93' lang='lat' dir='ltr'>fit</span> <span class='ocrx_word' id='word_1_284' title='bbox 1499 3575 1532 3641; x_wconf 93' lang='grc'>11</span> <span class='ocrx_word' id='word_1_285' title='bbox 1555 3574 1601 3642; x_wconf 87' lang='lat' dir='ltr'>tit.</span> <span class='ocrx_word' id='word_1_286' title='bbox 1731 3620 1732 3657; x_wconf 48' lang='lat' dir='ltr'>f</span> 
     </span>
    </p>
   </div>
   <div class='ocr_carea' id='block_1_8' title="bbox 350 3681 1603 3770">
    <p class='ocr_par' dir='ltr' id='par_1_8' title="bbox 350 3681 1603 3770">
     <span class='ocr_line' id='line_1_30' title="bbox 350 3681 1603 3770; baseline 0.005 -25"><span class='ocrx_word' id='word_1_287' title='bbox 350 3717 353 3721; x_wconf 93' lang='lat'><em>-</em></span> <span class='ocrx_word' id='word_1_288' title='bbox 377 3681 441 3747; x_wconf 78' lang='grc' dir='ltr'>Φιλ.</span> <span class='ocrx_word' id='word_1_289' title='bbox 457 3684 512 3767; x_wconf 87' lang='lat' dir='ltr'>IV,</span> <span class='ocrx_word' id='word_1_290' title='bbox 527 3691 602 3764; x_wconf 84' lang='lat'><strong>458,</strong></span> <span class='ocrx_word' id='word_1_291' title='bbox 620 3693 647 3770; x_wconf 94' lang='grc'>1,</span> <span class='ocrx_word' id='word_1_292' title='bbox 670 3706 742 3755; x_wconf 90' lang='lat' dir='ltr'>cum</span> <span class='ocrx_word' id='word_1_293' title='bbox 763 3688 842 3754; x_wconf 93' lang='lat' dir='ltr'>nihil</span> <span class='ocrx_word' id='word_1_294' title='bbox 863 3705 1026 3755; x_wconf 88' lang='lat' dir='ltr'>commuue</span> <span class='ocrx_word' id='word_1_295' title='bbox 1039 3687 1155 3755; x_wconf 90' lang='lat' dir='ltr'>habeat</span> <span class='ocrx_word' id='word_1_296' title='bbox 1169 3706 1241 3755; x_wconf 93' lang='lat' dir='ltr'>cum</span> <span class='ocrx_word' id='word_1_297' title='bbox 1254 3687 1383 3768; x_wconf 90' lang='lat' dir='ltr'>reliquo,</span> <span class='ocrx_word' id='word_1_298' title='bbox 1407 3706 1436 3753; x_wconf 88' lang='lat' dir='ltr'>a.</span> <span class='ocrx_word' id='word_1_299' title='bbox 1453 3690 1516 3752; x_wconf 86' lang='grc'>118</span> <span class='ocrx_word' id='word_1_300' title='bbox 1534 3705 1603 3755; x_wconf 91' lang='lat' dir='ltr'>con·</span> 
     </span>
    </p>
   </div>
   <div class='ocr_carea' id='block_1_9' title="bbox 374 3766 1732 3882">
    <p class='ocr_par' dir='ltr' id='par_1_9' title="bbox 374 3766 1732 3882">
     <span class='ocr_line' id='line_1_31' title="bbox 374 3766 1732 3882; baseline 0.003 -22"><span class='ocrx_word' id='word_1_301' title='bbox 374 3795 487 3878; x_wconf 87' lang='lat' dir='ltr'>posito,</span> <span class='ocrx_word' id='word_1_302' title='bbox 510 3797 612 3876; x_wconf 88' lang='lat' dir='ltr'>titulo,</span> <span class='ocrx_word' id='word_1_303' title='bbox 634 3817 764 3881; x_wconf 90' lang='lat' dir='ltr'>prorsus</span> <span class='ocrx_word' id='word_1_304' title='bbox 785 3816 849 3865; x_wconf 94' lang='lat' dir='ltr'>non</span> <span class='ocrx_word' id='word_1_305' title='bbox 870 3798 997 3882; x_wconf 85' lang='lat' dir='ltr'>infringi</span> <span class='ocrx_word' id='word_1_306' title='bbox 1019 3799 1206 3866; x_wconf 90' lang='lat' dir='ltr'>sententiam</span> <span class='ocrx_word' id='word_1_307' title='bbox 1228 3804 1384 3882; x_wconf 80' lang='grc'><strong>11111111,</strong></span> <span class='ocrx_word' id='word_1_308' title='bbox 1407 3812 1471 3879; x_wconf 89' lang='lat' dir='ltr'>qua</span> <span class='ocrx_word' id='word_1_309' title='bbox 1492 3798 1603 3864; x_wconf 92' lang='lat' dir='ltr'>sollen-</span> <span class='ocrx_word' id='word_1_310' title='bbox 1731 3766 1732 3791; x_wconf 16' lang='grc' dir='ltr'>ἶ</span> 
     </span>
    </p>
   </div>
   <div class='ocr_carea' id='block_1_10' title="bbox 375 3907 1602 4102">
    <p class='ocr_par' dir='ltr' id='par_1_10' title="bbox 375 3907 1602 4102">
     <span class='ocr_line' id='line_1_32' title="bbox 375 3907 1602 3995; baseline 0.004 -24"><span class='ocrx_word' id='word_1_311' title='bbox 375 3907 428 3972; x_wconf 90' lang='lat' dir='ltr'>nia</span> <span class='ocrx_word' id='word_1_312' title='bbox 449 3907 504 3973; x_wconf 90' lang='lat' dir='ltr'>iila</span> <span class='ocrx_word' id='word_1_313' title='bbox 525 3926 588 3975; x_wconf 92' lang='lat' dir='ltr'>non</span> <span class='ocrx_word' id='word_1_314' title='bbox 609 3914 685 3977; x_wconf 89' lang='lat' dir='ltr'>ante</span> <span class='ocrx_word' id='word_1_315' title='bbox 705 3928 734 3976; x_wconf 88' lang='lat' dir='ltr'>a.</span> <span class='ocrx_word' id='word_1_316' title='bbox 759 3914 817 3995; x_wconf 90' lang='grc'>161</span> <span class='ocrx_word' id='word_1_317' title='bbox 840 3928 871 3993; x_wconf 85' lang='lat' dir='ltr'>p.</span> <span class='ocrx_word' id='word_1_318' title='bbox 893 3909 967 3978; x_wconf 77' lang='lat' dir='ltr'>(ihr.</span> <span class='ocrx_word' id='word_1_319' title='bbox 989 3910 1136 3978; x_wconf 88' lang='lat' dir='ltr'>instituta</span> <span class='ocrx_word' id='word_1_320' title='bbox 1157 3929 1227 3979; x_wconf 88' lang='lat' dir='ltr'>esse</span> <span class='ocrx_word' id='word_1_321' title='bbox 1247 3911 1395 3987; x_wconf 81' lang='lat' dir='ltr'>velimus,</span> <span class='ocrx_word' id='word_1_322' title='bbox 1422 3910 1499 3976; x_wconf 84' lang='lat' dir='ltr'>satis</span> <span class='ocrx_word' id='word_1_323' title='bbox 1522 3927 1602 3976; x_wconf 88' lang='lat' dir='ltr'>nuno</span> 
     </span>
     <span class='ocr_line' id='line_1_33' title="bbox 375 4018 1553 4102; baseline 0.004 -19"><span class='ocrx_word' id='word_1_324' title='bbox 375 4018 575 4102; x_wconf 88' lang='lat' dir='ltr'>perspicitur.</span> <span class='ocrx_word' id='word_1_325' title='bbox 1551 4051 1553 4054; x_wconf 45' lang='lat'><strong><em>⁴</em></strong></span> 
     </span>
    </p>
   </div>
   <div class='ocr_carea' id='block_1_11' title="bbox 370 4241 1599 4655">
    <p class='ocr_par' dir='ltr' id='par_1_11' title="bbox 370 4241 1599 4655">
     <span class='ocr_line' id='line_1_34' title="bbox 444 4241 1599 4314; baseline 0.002 -20"><span class='ocrx_word' id='word_1_326' title='bbox 444 4243 453 4274; x_wconf 87' lang='lat'><strong>¹</strong></span> <span class='ocrx_word' id='word_1_327' title='bbox 470 4242 520 4295; x_wconf 86' lang='lat' dir='ltr'>Hic</span> <span class='ocrx_word' id='word_1_328' title='bbox 530 4261 585 4295; x_wconf 90' lang='lat' dir='ltr'>mos</span> <span class='ocrx_word' id='word_1_329' title='bbox 596 4251 625 4296; x_wconf 87' lang='lat' dir='ltr'>ut</span> <span class='ocrx_word' id='word_1_330' title='bbox 636 4243 728 4310; x_wconf 81' lang='lat' dir='ltr'>ephebi</span> <span class='ocrx_word' id='word_1_331' title='bbox 739 4245 837 4296; x_wconf 88' lang='lat' dir='ltr'>cuidam</span> <span class='ocrx_word' id='word_1_332' title='bbox 849 4263 881 4297; x_wconf 85' lang='lat' dir='ltr'>ex</span> <span class='ocrx_word' id='word_1_333' title='bbox 893 4246 1005 4314; x_wconf 85' lang='lat' dir='ltr'>ipsorum</span> <span class='ocrx_word' id='word_1_334' title='bbox 1017 4263 1120 4298; x_wconf 87' lang='lat' dir='ltr'>numero</span> <span class='ocrx_word' id='word_1_335' title='bbox 1135 4262 1273 4314; x_wconf 75' lang='lat' dir='ltr'>cognomen</span> <span class='ocrx_word' id='word_1_336' title='bbox 1287 4241 1420 4314; x_wconf 75' lang='grc' dir='ltr'><strong><em>Ἡρακλῆς</em></strong></span> <span class='ocrx_word' id='word_1_337' title='bbox 1436 4247 1549 4299; x_wconf 85' lang='lat' dir='ltr'>inderent</span> <span class='ocrx_word' id='word_1_338' title='bbox 1560 4245 1599 4297; x_wconf 90' lang='lat' dir='ltr'>in-</span> 
     </span>
     <span class='ocr_line' id='line_1_35' title="bbox 374 4328 1598 4399; baseline 0.004 -19"><span class='ocrx_word' id='word_1_339' title='bbox 374 4328 483 4380; x_wconf 83' lang='lat' dir='ltr'>valuisse</span> <span class='ocrx_word' id='word_1_340' title='bbox 491 4337 517 4380; x_wconf 87' lang='lat' dir='ltr'>et</span> <span class='ocrx_word' id='word_1_341' title='bbox 528 4328 645 4381; x_wconf 85' lang='lat' dir='ltr'>floruisse</span> <span class='ocrx_word' id='word_1_342' title='bbox 653 4329 751 4381; x_wconf 85' lang='lat' dir='ltr'>videtur</span> <span class='ocrx_word' id='word_1_343' title='bbox 762 4329 821 4383; x_wconf 88' lang='lat' dir='ltr'>inde</span> <span class='ocrx_word' id='word_1_344' title='bbox 834 4332 865 4382; x_wconf 82' lang='lat' dir='ltr'>ab</span> <span class='ocrx_word' id='word_1_345' title='bbox 879 4331 1028 4394; x_wconf 78' lang='lat' dir='ltr'>Commodo,</span> <span class='ocrx_word' id='word_1_346' title='bbox 1046 4332 1141 4399; x_wconf 88' lang='lat' dir='ltr'>quippe</span> <span class='ocrx_word' id='word_1_347' title='bbox 1152 4331 1223 4385; x_wconf 88' lang='lat' dir='ltr'>cuius</span> <span class='ocrx_word' id='word_1_348' title='bbox 1235 4333 1350 4384; x_wconf 86' lang='lat' dir='ltr'>insanam</span> <span class='ocrx_word' id='word_1_349' title='bbox 1361 4334 1523 4385; x_wconf 82' lang='lat' dir='ltr'>ambitionem</span> <span class='ocrx_word' id='word_1_350' title='bbox 1534 4334 1559 4384; x_wconf 88' lang='lat' dir='ltr'>in</span> <span class='ocrx_word' id='word_1_351' title='bbox 1570 4349 1598 4384; x_wconf 88' lang='lat' dir='ltr'>oo</span> 
     </span>
     <span class='ocr_line' id='line_1_36' title="bbox 375 4414 1598 4486; baseline 0.002 -22"><span class='ocrx_word' id='word_1_352' title='bbox 375 4414 482 4480; x_wconf 86' lang='lat' dir='ltr'>positam</span> <span class='ocrx_word' id='word_1_353' title='bbox 494 4415 574 4465; x_wconf 83' lang='lat' dir='ltr'>fuisse</span> <span class='ocrx_word' id='word_1_354' title='bbox 587 4418 700 4467; x_wconf 84' lang='lat' dir='ltr'>sciamus</span> <span class='ocrx_word' id='word_1_355' title='bbox 713 4425 740 4467; x_wconf 88' lang='lat' dir='ltr'>ut</span> <span class='ocrx_word' id='word_1_356' title='bbox 758 4416 853 4484; x_wconf 85' lang='lat' dir='ltr'>primun</span> <span class='ocrx_word' id='word_1_357' title='bbox 871 4417 936 4468; x_wconf 89' lang='lat' dir='ltr'>inter</span> <span class='ocrx_word' id='word_1_358' title='bbox 956 4418 1063 4469; x_wconf 86' lang='lat' dir='ltr'>athletas</span> <span class='ocrx_word' id='word_1_359' title='bbox 1081 4418 1244 4478; x_wconf 63' lang='lat' dir='ltr'>indiscretum</span> <span class='ocrx_word' id='word_1_360' title='bbox 1264 4418 1383 4486; x_wconf 82' lang='lat' dir='ltr'>quocirca</span> <span class='ocrx_word' id='word_1_361' title='bbox 1394 4418 1450 4485; x_wconf 87' lang='lat' dir='ltr'>ipse</span> <span class='ocrx_word' id='word_1_362' title='bbox 1462 4433 1598 4485; x_wconf 79' lang='lat' dir='ltr'>cognomen</span> 
     </span>
     <span class='ocr_line' id='line_1_37' title="bbox 370 4494 1597 4570; baseline 0.002 -21"><span class='ocrx_word' id='word_1_363' title='bbox 370 4494 502 4568; x_wconf 75' lang='grc' dir='ltr'><em>Ἡρακλῆς</em></span> <span class='ocrx_word' id='word_1_364' title='bbox 518 4501 558 4552; x_wconf 85' lang='lat' dir='ltr'>vel</span> <span class='ocrx_word' id='word_1_365' title='bbox 572 4496 727 4569; x_wconf 76' lang='grc' dir='ltr'><em>Ἡράκλειος</em></span> <span class='ocrx_word' id='word_1_366' title='bbox 745 4501 900 4570; x_wconf 86' lang='lat' dir='ltr'>adsumpsit,</span> <span class='ocrx_word' id='word_1_367' title='bbox 919 4520 968 4570; x_wconf 93' lang='lat' dir='ltr'>quo</span> <span class='ocrx_word' id='word_1_368' title='bbox 987 4504 1075 4555; x_wconf 90' lang='lat' dir='ltr'>mirum</span> <span class='ocrx_word' id='word_1_369' title='bbox 1096 4504 1119 4554; x_wconf 90' lang='lat' dir='ltr'>in</span> <span class='ocrx_word' id='word_1_370' title='bbox 1139 4505 1240 4556; x_wconf 86' lang='lat' dir='ltr'>modum</span> <span class='ocrx_word' id='word_1_371' title='bbox 1260 4505 1386 4555; x_wconf 79' lang='lat' dir='ltr'>iactitabat</span> <span class='ocrx_word' id='word_1_372' title='bbox 1403 4504 1453 4569; x_wconf 77' lang='lat' dir='ltr'>(Cf.</span> <span class='ocrx_word' id='word_1_373' title='bbox 1471 4503 1519 4553; x_wconf 84' lang='lat' dir='ltr'>Dic</span> <span class='ocrx_word' id='word_1_374' title='bbox 1530 4503 1597 4552; x_wconf 80' lang='lat' dir='ltr'>Cass.</span> 
     </span>
     <span class='ocr_line' id='line_1_38' title="bbox 375 4586 1059 4655; baseline 0.006 -18"><span class='ocrx_word' id='word_1_375' title='bbox 375 4586 418 4649; x_wconf 75' lang='grc'>12,</span> <span class='ocrx_word' id='word_1_376' title='bbox 442 4587 479 4642; x_wconf 82' lang='grc'>15,</span> <span class='ocrx_word' id='word_1_377' title='bbox 499 4586 635 4642; x_wconf 86' lang='lat' dir='ltr'>Herodian.</span> <span class='ocrx_word' id='word_1_378' title='bbox 657 4590 782 4652; x_wconf 82' lang='grc'><strong>1,14,8.</strong></span> <span class='ocrx_word' id='word_1_379' title='bbox 817 4589 876 4641; x_wconf 77' lang='lat' dir='ltr'>Aah.</span> <span class='ocrx_word' id='word_1_380' title='bbox 897 4588 1059 4655; x_wconf 65' lang='grc'><strong>115311.)</strong></span> 
     </span>
    </p>
   </div>
   <div class='ocr_carea' id='block_1_12' title="bbox 0 0 1761 5304">
    <p class='ocr_par' dir='ltr' id='par_1_12' title="bbox 0 0 1761 5304">
     <span class='ocr_line' id='line_1_39' title="bbox 0 0 1761 5304; baseline 0 0"><span class='ocrx_word' id='word_1_381' title='bbox 0 0 1761 5304; x_wconf 95' lang='lat' dir='ltr'> </span> 
     </span>
    </p>
   </div>
  </div>
 </body>
</html>
