3510 5304
875 403 1088 469 ..24-

368 589 517 657 doeemur
537 587 662 656 Aelium
684 585 798 656 Gelote
820 587 977 672 quendem
997 587 1096 658 fuisse
1116 588 1299 661 archontem
1321 608 1519 677 eponymum.
1556 593 1601 659 In

366 699 542 767 honorariis
574 702 607 766 et
633 697 859 782 sepulcralibus
881 698 982 767 titulis
1004 701 1131 784 saepius
1164 701 1303 770 occurrit
1334 708 1372 771 ut
1403 704 1475 786 quis
1508 703 1600 771 filius

367 810 436 877 eius
457 809 591 877 hominis
620 813 762 892 vocetur,
795 809 851 892 qui
883 809 1051 895 aliquando
1085 811 1244 881 mehontis
1276 818 1334 882 out
1364 813 1450 882 uliud
1477 833 1600 883 munus
1736 904 1737 907 Ἴ

228 953 231 959 ·
367 919 642 1003 administraverit,
661 919 739 988 etin
753 918 905 988 iistitulis
916 921 1279 1008 telispreediootioepta
1288 928 1346 992 est.
1374 924 1600 992 Nimietatem

366 1049 448 1098 vane
480 1035 513 1097 et
546 1047 676 1114 prorsus
707 1029 876 1114 singularis
908 1031 1070 1100 videretur
1099 1035 1284 1115 ostentatio,
1318 1036 1402 1119 quod
1434 1035 1468 1101 in
1500 1036 1598 1120 ephe-

366 1142 478 1210 borum
500 1142 643 1225 oeteiogo
666 1159 748 1209 unus
765 1162 804 1208 en
826 1142 955 1226 ephebis
977 1143 1010 1211 in
1032 1144 1118 1211 tituli
1139 1145 1332 1229 praescripto
1361 1162 1397 1212 se
1429 1146 1598 1229 praedicat
1736 1202 1737 1247 3

365 1252 464 1320 filium
486 1253 553 1320 eius
575 1253 630 1336 qui
651 1254 769 1320 archon
801 1251 913 1332 fuerit,
946 1255 974 1321 si
1006 1255 1074 1322 eius
1106 1260 1198 1339 poter
1229 1257 1373 1340 pluribus
1405 1256 1468 1323 inm
1500 1258 1597 1324 annis
1736 1262 1737 1301 1

365 1369 440 1432 ante
459 1363 493 1431 id
514 1381 628 1431 munus
650 1363 910 1433 administrasset.
949 1364 1068 1433 contro
1089 1366 1194 1432 minus
1215 1385 1268 1435 res
1290 1366 1428 1451 offendit,
1451 1368 1478 1433 si
1500 1371 1597 1451 peter

366 1475 450 1543 illius
472 1475 585 1558 ephebi
606 1476 695 1545 brevi
716 1478 933 1545 tautummodo
948 1483 1023 1546 onte
1037 1478 1155 1545 orthon
1170 1476 1239 1561 mit,
1255 1476 1390 1547 fortasse
1405 1482 1479 1545 ante
1492 1496 1594 1545 unum

365 1593 423 1657 out
445 1589 523 1656 duos
545 1608 653 1656 annos.
698 1588 789 1668 Quod
810 1590 887 1655 mihi
908 1590 1036 1672 quidem
1056 1589 1224 1658 verisimile
1245 1590 1379 1658 videtur.
1413 1589 1494 1656 Cum
1514 1594 1592 1655 'vero

365 1720 393 1768 a.
419 1705 480 1767 163
502 1719 595 1768 suum
625 1701 743 1768 habeat
775 1701 967 1784 anebontem,
998 1703 1069 1784 ipso
1090 1702 1290 1770 antecedenti
1313 1718 1407 1782 enno,
1438 1699 1493 1768 sel.
1519 1703 1592 1782 164,

365 1810 474 1881 Aelius
496 1811 591 1879 Gelos
613 1813 731 1882 enchon
752 1813 857 1883 fuerit.

447 1997 505 2064 Ad
524 2002 641 2069 α.166.
674 2002 867 2069 Archontem
892 2000 1023 2069 Sextum
1044 2000 1231 2068 Phalereum
1252 2001 1286 2066 in
1307 1999 1356 2068 tit.
1381 1999 1445 2066 Φιλ.
1465 2000 1510 2082 11,
1527 2003 1590 2068 268

361 2110 591 2179 restituendum
602 2130 672 2180 esse
683 2113 779 2181 extit.
793 2113 932 2181 Rossde
943 2113 1024 2179 dem.
1040 2131 1091 2180 no.
1100 2117 1140 2180 29
1151 2111 1233 2179 inira
1244 2113 1366 2195 patebit
1374 2111 1425 2196 (oi.
1434 2110 1511 2194 cap.
1519 2112 1589 2195 VI).
1715 2122 1718 2129 ’

361 2221 454 2290 Hunc
463 2227 571 2290 eutem
581 2224 613 2290 in
623 2224 912 2292 onnumreieeimus
922 2222 1051 2291 titulum
1059 2243 1097 2290 ex
1107 2222 1296 2290 coniectum.
1308 2222 1588 2288 Primumvs21-2

360 2332 561 2413 lemmaest:
583 2332 632 2398 ἐπὶ
655 2332 720 2422 νίκῃ
743 2337 806 2399 τῶν
827 2332 999 2398 θειοτάτων
1029 2332 1287 2421 αὖτο[κρατόμιον
1308 2331 1388 2419 Αὐρ.
1413 2329 1586 2397 Ἀντιονίνον

361 2444 410 2508 καὶ
452 2443 532 2532 Αὐρ.
565 2445 690 2534 Βὴρον]
724 2444 900 2530 Σεβαστῶν
934 2439 1145 2533 Ἀρμενιακῶν
1183 2443 1367 2532 Παρ6ι[κῶν
1406 2441 1608 2528 μεγίστων].,

360 2555 480 2634 Quibus
505 2575 544 2623 ex
565 2557 779 2640 cognomentis
799 2558 1026 2639 imperatorum
1047 2562 1137 2640 petet
1157 2558 1286 2625 titulum
1307 2575 1369 2622 non
1400 2558 1475 2622 onte
1495 2553 1585 2622 τοῦ.

359 2698 394 2767 0.
420 2705 491 2785 919,
515 2702 636 2785 olymp.
660 2705 733 2784 236,
758 2707 791 2784 1,
819 2668 923 2810 gp.
946 2702 1019 2771 Ohr.
1051 2702 1204 2787 seriptum
1233 2719 1313 2769 esse.
1362 2698 1449 2768 Obiit
1479 2703 1583 2766 eutem

358 2854 461 2922 Verus
479 2820 530 2961 {13⁵}
550 2873 581 2937 p.
605 2853 687 2932 0111,
710 2854 833 2940 Olymp.
864 2861 935 2939 236,
958 2863 989 2923 4.
1012 2875 1041 2925 e.
1065 2855 1104 2924 U.
1129 2855 1163 2924 0.
1187 2859 1259 2922 922.
1305 2856 1417 2937 itaque
1445 2856 1529 2920 inter
1554 2873 1581 2920 u.

358 2997 409 3052 165
479 3000 495 3052 6

357 2999 514 3142 {gg-{73}
535 3034 647 3102 titulus
677 3036 884 3104 collocandus.
930 3037 974 3103 At
1003 3055 1103 3104 annus
1125 3002 1177 3145 {g
1199 3035 1321 3104 obtinet
1342 3053 1434 3103 suum
1456 3035 1585 3102 erchon-

357 3191 432 3253 tem.
479 3188 613 3256 Restant
645 3189 743 3274 igitur
772 3193 846 3258 anni
867 3157 1033 3300 ᾖ-ξξ-ξὲ.
1077 3192 1145 3257 lam
1172 3191 1204 3257 in
1227 3191 1276 3256 tit.
1300 3190 1382 3258 (ti.
1409 3192 1467 3255 191
1491 3189 1585 3257 habe

356 3349 442 3398 1111161
483 3331 620 3422 »Ἆγαῶῇ
658 3334 734 3424 τύχῃ
774 3339 838 3400 τῶν
872 3336 1040 3421 σεβαστῶν
1075 3335 1113 3400 Μ.
1137 3333 1296 3423 Αὖρηλίοο
1328 3332 1503 3399 Ἀντωνίνοο
1538 3334 1585 3398 καὶ

357 3441 394 3506 Λ.
418 3441 576 3532 Αὐρηλίοιι
604 3445 726 3533 Βήροο,
759 3446 978 3535 Ἀρμενιακῶν,
1011 3444 1196 3533 Παρθικῶν,
1227 3443 1384 3530 μεγίστοιν
1418 3447 1473 3509 τοῦ
1503 3444 1584 3530 μετὰ

357 3553 578 3640 Μαμεμτεῖνον
600 3554 763 3646 ἄρχοντ[α]
785 3556 925 3623 ἐνιαντοῦ
948 3562 1007 3627 cei.
1030 3559 1143 3641 Itaque
1161 3556 1258 3625 etiam
1278 3556 1330 3624 hic
1359 3556 1470 3624 titulis
1500 3557 1583 3622 intra

356 3682 411 3732 eos
432 3681 530 3732 annos
553 3666 762 3735 collocandus.
796 3669 895 3735 Immo
917 3685 992 3736 vero
1015 3669 1111 3736 etiam
1131 3671 1181 3736 tit.
1205 3667 1240 3735 0.
1261 3668 1286 3733 Ι.
1313 3666 1389 3748 190,
1402 3666 1458 3734 ubi
1471 3668 1584 3732 lemma

357 3779 424 3843 est:
447 3773 495 3839 ἐπὶ
509 3774 668 3865 ’ἄρχοντος
689 3778 728 3842 M.
753 3778 907 3865 Βαλερίοο
930 3779 1137 3867 Μαμερτῖνοι)
1158 3781 1220 3844 κτλ.
1242 3815 1285 3828 --
1329 3779 1443 3862 Itaque
1469 3779 1581 3845 horum

356 3884 520 3952 titulorum
542 3886 619 3954 ordo
641 3885 735 3954 debet
756 3905 826 3955 esse
847 3893 903 3955 out
923 3889 991 3956 hie:

356 4127 384 4177 a.
406 4075 459 4216 ῗ-ἓξ
480 4142 522 4157 ·-
545 4105 582 4175 O.
606 4108 632 4174 Ι.
658 4111 733 4175 1901
757 4108 805 4174 ἐπὶ
827 4108 1032 4198 Μαμερτῖνοι
1054 4110 1214 4200 ἄρχοντος.

408 4254 459 4308 167

356 4307 384 4353 a.
407 4326 460 4395 ᾗ
480 4325 524 4336 -
545 4288 579 4355 O.
603 4290 628 4355 Ι.
657 4294 735 4356 1911
758 4288 805 4353 ἐπὶ
827 4293 881 4354 τοῦ
900 4292 982 4376 μετὰ
1003 4292 1208 4378 Μαμερτῖνον
1231 4296 1290 4388 eet

355 4485 384 4533 a.
407 4433 459 4577 ἐξ
480 4503 521 4515 -
545 4466 608 4532 Φιλ.
630 4469 674 4547 ΙΙ,
697 4472 774 4538 268:
798 4468 846 4534 ἐπὶ
867 4469 1017 4563 ἄρχοντος
1041 4470 1171 4550 Σέξτον.
