3490 5296
650 758 868 849 ADDENDA
896 761 952 850 ET
980 761 1280 881 CORRIGENDA.

352 960 413 1026 Pag.
433 960 458 1014 3.
476 959 520 1010 lin.
539 960 570 1014 31
589 961 658 1027 tepea
674 955 833 1029 Ἀντιοχίδος
849 977 898 1025 pro
913 957 1078 1032 Ἄντιοχιδος.

376 1073 408 1082 -
438 1046 456 1095 l.
474 1045 543 1099 321.
561 1030 739 1115 Ἀναυχίδας)
751 1063 781 1110 p.
793 1042 962 1116 Ἄντιοχιδος.

350 1148 375 1198 p.
394 1132 418 1186 6.
438 1132 471 1186 22
489 1131 506 1182 l.
526 1131 644 1198 catalogis
660 1149 686 1196 p.
704 1133 860 1201 catalalogis.

377 1244 409 1253 -
437 1218 471 1272 26
488 1217 505 1270 l.
525 1217 621 1268 invenis
635 1234 665 1282 p.
683 1218 788 1273 iuvenis.

376 1330 406 1340 -
434 1302 502 1358 351.
522 1304 618 1369 primus
636 1312 675 1355 est
690 1320 717 1368 p.
737 1304 879 1372 primusest.

350 1406 375 1455 p.
394 1390 417 1442 7.
437 1390 452 1443 2
472 1389 489 1439 λ.
509 1389 552 1455 qui
570 1389 636 1440 idem
653 1407 679 1454 p.
699 1389 816 1457 quiidem.
937 1436 940 1439 .

349 1492 375 1542 p.
395 1476 435 1529 10.
456 1477 487 1530 16
506 1474 714 1526 Broendsted
727 1492 757 1541 p.
775 1477 924 1529 Broensted.

349 1578 374 1628 p-
397 1562 433 1615 13.
454 1563 488 1616 24
504 1562 521 1613 l.
542 1561 623 1611 ausim
637 1577 666 1625 p.
685 1562 801 1616 auserim.

351 1665 375 1714 p.
395 1648 434 1700 23.
454 1655 506 1700 not.
527 1649 539 1702 1
559 1647 576 1697 l.
595 1646 644 1697 iam
659 1663 688 1711 p.
702 1647 765 1714 jam.

349 1750 374 1800 p·
393 1734 434 1788 29.
451 1734 468 1786 4
485 1732 503 1782 l.
521 1732 623 1799 adiungi
637 1748 667 1797 p.
686 1732 800 1800 adjungi.

349 1885 374 1939 p·
392 1871 434 1925 30.
454 1864 521 1926 1e'r.
540 1869 611 1937 pp,
629 1830 666 1934 ll.

349 1972 376 2023 p·
394 1957 436 2012 31.
457 1958 472 2010 2
491 1957 588 2008 litterae
604 1974 631 2021 p.
651 1956 744 2010 itterae.

375 2071 409 2082 -
438 2044 470 2099 18
487 2045 635 2095 coniunctus
648 2058 678 2108 p.
697 2043 863 2098 lconiunctus.

349 2146 374 2197 p.
394 2129 436 2185 32.
456 2132 468 2183 l
489 2128 639 2180 sententiam
653 2145 682 2194 p*
703 2146 749 2181 sen
766 2129 878 2181 tentiam.

374 2243 408 2254 -
436 2214 468 2270 15
486 2231 655 2280 nonumqnam
669 2229 699 2278 p.
717 2230 890 2281 nonunquam.

349 2319 374 2368 p.
392 2301 434 2356 33.
454 2301 486 2355 18
499 2307 559 2364 post
577 2307 791 2351 conmemorantur
808 2300 865 2350 dele
882 2317 988 2354 comma.
1437 2316 1441 2323 ’

349 2405 374 2455 p·
391 2387 433 2441 38.
451 2393 502 2438 not.
524 2390 544 2438 1.
566 2386 606 2445 13,
628 2387 659 2438 14
676 2384 764 2435 deletis
778 2385 1035 2455 parentelaeque
1052 2388 1122 2454 lepos
1138 2391 1177 2458 τῷ
1191 2384 1275 2458 Ἑρμῇ
1293 2388 1338 2442 sel.
1351 2387 1494 2457 ἀνέθηκεν,
1514 2387 1578 2456 qnod

452 2471 601 2539 plerumque
618 2470 746 2521 omittitur.
1184 2501 1188 2508 ·

349 2576 373 2625 p.
392 2558 434 2612 40.
454 2558 486 2610 12
502 2556 529 2607 (l.
547 2557 568 2608 Ι.
586 2556 637 2610 287
651 2573 679 2621 p.
699 2546 728 2608 (l.
746 2557 766 2608 Ι.
784 2558 843 2612 270.

349 2663 374 2713 p,
392 2645 434 2699 41.
456 2644 489 2698 26
507 2641 535 2694 0.
553 2642 645 2693 Iulium
664 2650 711 2694 etc,
727 2659 754 2707 p.
774 2642 802 2694 C.
820 2641 923 2694 Julium.

375 2758 406 2769 -
435 2730 468 2784 29
486 2728 521 2782 30
538 2728 618 2779 Iulius
634 2745 662 2792 p.
680 2728 773 2779 Julius.

337 2834 374 2883 ῃ.
392 2817 469 2878 46,9
488 2810 542 2865 υἱοί
555 2831 582 2878 p.
601 2810 660 2865 ὑιοί.

349 2918 373 2968 p.
392 2903 433 2956 47.
451 2901 491 2952 De
509 2899 596 2951 demo
614 2898 697 2950 Attico
714 2897 846 2955 Antiochia
863 2897 967 2966 cogitari
984 2915 1035 2950 non
1052 2915 1128 2966 posse
1145 2899 1185 2950 rel
1206 2899 1266 2951 inde
1283 2899 1431 2967 perspicitur
1449 2900 1517 2966 quod
1545 2901 1582 2952 fe-

343 3038 366 3047 „
451 2985 548 3037 minine
564 2985 644 3036 forma
659 2978 822 3054 Ἀντιόχισσα
841 3000 921 3050 usqne
939 2984 1064 3036 invenitur
1081 2984 1108 3035 in
1120 2985 1208 3048 titulis,
1226 3003 1276 3035 non
1289 2982 1323 3042 ἐξ
1336 2982 1497 3055 Ἄντιοχέων,
1518 3003 1577 3052 quae

452 3070 560 3122 formula
578 3069 604 3121 in
621 3070 713 3121 Atticis
731 3070 879 3121 mulieribus
897 3070 988 3121 usitata
1005 3079 1043 3122 est
1066 3088 1097 3121 ex
1120 3088 1190 3122 more
1213 3072 1239 3122 in
1263 3072 1343 3123 demis
1365 3080 1478 3138 recept-o,
1506 3073 1578 3124 veluti

452 3154 482 3205 ἐκ
501 3152 526 3207 Γ
521 3154 684 3224 αργηττίων,
702 3154 732 3205 ἐκ
750 3150 896 3219 Μελιτέων,
915 3153 944 3205 ἐκ
963 3149 1096 3220 Πιτθέων,
1120 3155 1149 3205 ἐκ
1167 3153 1346 3225 Λαμπτρέων,
1372 3156 1401 3205 ἐκ
1419 3151 1579 3224 Κηφισιέων,

453 3239 482 3292 ἐκ
500 3236 660 3310 Κεραμέων,
685 3238 714 3290 ἐκ
733 3234 886 3303 Φαλασίων,
911 3248 958 3292 ete.
993 3240 1063 3292 Idem
1086 3241 1153 3292 cadit
1175 3242 1200 3292 in
1219 3242 1381 3294 Heracleotes
1405 3252 1430 3294 et
1453 3243 1576 3294 Milesios:

451 3327 569 3380 mulieres
593 3321 805 3396 Ἡρακλεώτιδες
828 3333 854 3376 et
879 3319 1004 3394 Μιλήσιαι
1028 3334 1160 3387 vocantur,
1188 3344 1236 3376 non
1261 3323 1295 3383 ἐξ
1321 3321 1526 3394 Ἡρακλεωτῶν,
1553 3325 1580 3376 ἐκ

453 3407 599 3480 Μιλησίων.

450 3498 584 3549 Praeterea
610 3513 660 3548 non
678 3497 772 3548 retineo
790 3513 855 3563 quae
881 3497 912 3547 de
937 3496 1068 3549 colonia
1090 3496 1170 3548 Attica
1192 3496 1326 3549 Antiochia
1351 3498 1492 3564 suspicatus
1518 3514 1581 3553 snm.

355 3650 359 3657 .
452 3584 526 3646 Quod
543 3582 650 3634 Athenis
668 3590 694 3632 et
711 3582 737 3632 in
755 3582 841 3634 Attica
858 3589 909 3632 tam
928 3582 1002 3633 multi
1020 3583 1101 3646 tituli,
1125 3584 1279 3651 sepulcrales
1298 3584 1472 3651 potissimum,
1490 3584 1581 3651 reperti

452 3678 512 3721 snnt
528 3671 620 3736 quibus
637 3667 850 3720 Antiochensium
868 3677 894 3720 et
911 3668 1118 3721 Heracleotarum
1136 3674 1241 3722 nomina
1259 3674 1417 3722 continentur
1435 3670 1517 3720 minus
1534 3670 1580 3720 mi·

450 3774 507 3807 rum
523 3755 660 3818 videbitur,
686 3755 708 3805 si
726 3755 879 3820 reputaveris
902 3755 993 3806 multas
1017 3756 1160 3807 nominibus
1178 3756 1336 3807 Heraclea
1360 3764 1386 3806 et
1403 3755 1581 3806 Antiochia

451 3843 526 3892 urbes
544 3841 630 3901 fuisse,
649 3840 790 3908 exquibus
810 3840 871 3890 haut
888 3858 981 3906 paucos
1000 3841 1135 3907 inquilinos
1154 3840 1267 3892 Athenas
1281 3840 1431 3892 confluxisse
1444 3839 1498 3890 sine
1511 3838 1578 3890 dubi·

451 3928 545 3978 tatione
564 3944 620 3977 cum
637 3925 766 3978 Boeckhio
786 3927 967 3979 contenderim.
996 3928 1084 3994 Itaque
1102 3946 1152 3980 non
1171 3945 1234 3994 opus
1253 3936 1292 3977 est
1309 3926 1341 3977 acl
1358 3926 1484 3993 propriam
1502 3943 1579 3992 qnan-

451 4013 509 4064 dam
534 4012 634 4064 illorum
661 4013 766 4063 Athenis
791 4012 914 4064 coloniam
938 4015 1061 4081 refugere.
1102 4014 1217 4079 Denique
1239 4030 1271 4064 ne
1296 4011 1454 4073 Milesiorum
1479 4012 1579 4078 quidem

453 4097 576 4149 coloniam
595 4097 703 4148 Athenis
727 4097 806 4149 fuisse
829 4106 898 4163 puto.
934 4096 985 4150 Sed
1009 4099 1031 4149 si
1055 4098 1251 4149 consideraveris
1276 4097 1407 4148 titulorum
1424 4094 1532 4147 Athenis
1556 4102 1580 4147 ot

451 4184 476 4233 in
497 4183 579 4234 Attica
597 4191 750 4249 repertomm
769 4184 794 4234 in
813 4183 904 4248 quibus
916 4183 1072 4235 Milesiorum
1090 4183 1192 4234 nomina
1209 4183 1357 4233 exhihentur
1375 4198 1507 4231 numerum
1525 4196 1580 4231 esse

419 4274 423 4285 '
451 4268 617 4319 admodum
636 4268 810 4335 ingentem,
830 4269 851 4318 si
871 4268 961 4319 deinde
980 4269 1005 4319 in
1024 4269 1146 4320 rationem
1164 4267 1289 4318 vocaveris
1308 4283 1389 4332 usque
1407 4268 1459 4317 sere
1477 4267 1509 4317 ad
1526 4267 1578 4316 An-

460 4356 604 4406 toninorum
621 4364 734 4422 tempora
753 4355 779 4405 in
798 4355 925 4422 ephebieis
938 4354 1057 4422 catalogis
1071 4354 1253 4422 peregrinis
1266 4352 1370 4419 ephebis
1382 4368 1482 4418 semper
1494 4368 1578 4417 super-

455 4442 574 4507 scriptum
594 4458 650 4493 esse
670 4436 873 4509 »tillemon-
905 4441 989 4492 nescio
1007 4458 1038 4490 an
1057 4441 1088 4490 ab
1108 4439 1340 4490 verisimilitudine
1360 4437 1460 4503 longius
1483 4435 1580 4487 recedat

451 4527 573 4593 suspicari
593 4526 748 4593 aliquamdiu
766 4527 872 4578 Athenis
891 4544 986 4578 morem
1004 4526 1082 4577 luisse
1106 4526 1207 4577 omnino
1231 4541 1317 4575 omnes
1344 4523 1489 4590 peregrinos
1513 4538 1578 4573 com·

452 4612 521 4662 muni
539 4613 640 4664 nomine
658 4612 816 4664 Milesiorum
835 4611 972 4679 adpellare.
1009 4611 1117 4664 Causam
1135 4611 1157 4662 si
1176 4612 1277 4677 quaeris
1296 4609 1392 4676 ignoro.
