3510 5304
658 430 871 497 ..pp-

150 613 296 697 quisque,
317 614 373 700 qui
386 613 496 683 titulos
511 615 578 683 eius
600 616 724 699 generis
746 616 924 684 accuratius
946 615 1125 700 inspexerit,
1148 616 1247 700 primo
1263 615 1378 685 obtutu

151 725 322 810 cognoscit.
366 724 535 808 Nunquam
557 728 639 795 enim
661 728 720 795 seli
742 727 934 812 epheborum
963 727 1168 811 magistratus
1195 731 1378 812 praecepto

150 855 243 905 resse
265 842 297 904 et
318 835 470 906 sollennia
491 840 532 907 ab
548 839 678 927 ephebis
700 840 859 907 celebrata
876 845 1089 922 recensentur,
1113 840 1168 907 sed
1191 858 1314 924 semper
1327 839 1377 904 his

151 948 282 1032 adjungi
301 949 383 1016 solet
401 950 541 1034 ipsorum
563 951 754 1033 epheborum
777 952 958 1035 catalogus,
987 950 1171 1038 plerumque
1192 971 1250 1036 per
1275 951 1377 1018 tribus

151 1059 391 1143 dispositorum,
414 1062 527 1145 quihus
548 1061 626 1146 ipsis
648 1062 883 1148 subiunguntur
904 1062 1098 1151 ἐπέχχραφυι
1126 1062 1147 1131 i.
1170 1082 1197 1131 e.
1219 1062 1379 1148 peregrini

151 1170 281 1253 ephebu-
317 1170 361 1237 Et
381 1191 455 1240 uero
477 1172 511 1238 in
532 1172 646 1257 lapide,
671 1191 742 1241 curn
764 1178 834 1244 erat
854 1177 986 1260 integer,
1017 1175 1154 1257 ephebos
1182 1193 1308 1259 quoque
1329 1193 1379 1241 re·

151 1282 288 1351 censitos
302 1281 401 1350 hrisse
416 1283 535 1352 indicat
555 1302 601 1352 vs.
619 1289 647 1355 3.
664 1284 738 1357 τούς
759 1310 800 1352 τε
821 1287 1035 1376 συνάρχοντας
1055 1290 1114 1351 καὶ
1126 1334 1134 1352 .
1147 1337 1154 1354 .
1168 1335 1196 1353 ..
1231 1285 1378 1369 Vulgaris

150 1392 271 1461 scilicet
298 1391 432 1461 formula
463 1395 649 1478 praescripti
681 1397 714 1463 in
747 1397 902 1465 eiusmodi
934 1399 1035 1465 titulis
1068 1403 1118 1465 est
1148 1397 1264 1465 haecce
1295 1396 1376 1464 lere:

151 1507 170 1572 ὁ
201 1508 357 1595 κυσρυνὴς
388 1510 451 1570 τῶν
485 1505 619 1599 ἐφήβων
653 1504 672 1577 ὁ
703 1507 792 1573 δεῖνα
824 1506 873 1572 ἐπὶ
905 1506 1058 1598 ἄρχοντος
1084 1510 1138 1573 τοῦ
1171 1506 1275 1578 δεῖνος
1306 1506 1380 1578 τους

149 1637 186 1678 τε
208 1617 423 1706 συνάρχοντας
445 1619 494 1682 καὶ
521 1619 595 1691 τοὺς
624 1616 676 1684 ὑπ’
705 1619 794 1707 αὐτῷ
826 1618 1068 1709 ἐφηβεῦσαντας
1099 1617 1293 1706 ἀνέγραφεν,
1322 1623 1379 1686 aut

148 1724 270 1796 similis.
319 1728 433 1813 Itaque
464 1749 509 1798 vs.
539 1732 712 1814 estasim,
744 1731 823 1800 nihil
851 1736 994 1816 respecto
1033 1730 1144 1815 fragm.
1174 1730 1220 1807 B,
1255 1729 1379 1814 supple

148 1854 221 1904 mus
254 1837 328 1910 τούς
360 1863 394 1905 τε
427 1843 642 1933 συνάρχοντας
677 1845 726 1909 καὶ
767 1842 855 1925 [τοὺς
894 1838 948 1907 ὕπ’
990 1840 1078 1928 αὐτῷ
1110 1839 1377 1930 ἐφηβεάσαντας].

149 1981 193 1995 -
235 1947 404 2019 Praeterea
430 1954 520 2020 iuxta
552 1954 609 2021 cel.
632 1954 666 2021 ΙΙ
686 1974 707 2022 a
732 1956 844 2023 dextra
866 1958 958 2038 parte
983 1952 1160 2036 fragmenta
1184 1954 1297 2020 tertiae
1327 1971 1378 2020 co·

150 2057 279 2128 lumuae
300 2066 433 2146 restant,
466 2082 547 2148 quae
579 2064 657 2133 nihil
689 2083 759 2133 esse
790 2070 924 2150 possunt
954 2065 1015 2131 uisi
1035 2063 1187 2148 reliquiae
1217 2064 1378 2131 neminum

149 2187 322 2255 eorumque
343 2174 544 2258 epheborum.
580 2175 680 2244 Immo
701 2195 776 2246 vero
797 2196 843 2245 us.
867 2181 920 2258 44,
941 2177 997 2244 uhi
1017 2179 1118 2244 restat
1141 2182 1172 2255 Ε
1194 2177 1306 2245 ceteris
1327 2177 1378 2243 lit

148 2282 228 2349 teris
259 2282 378 2352 maiore
411 2284 509 2353 ductu
543 2288 712 2371 scripturn,
743 2287 945 2374 apographon
978 2308 1086 2357 eorum
1120 2290 1289 2374 incepisse,
1324 2288 1379 2371 qui

139 2387 354 2481 Ἐπέχχραροι
375 2401 537 2480 vocantur,
559 2400 668 2465 statim
689 2400 844 2483 suspicari
864 2400 947 2468 licet.
991 2399 1220 2467 Desiderantur
1249 2416 1323 2483 ergo
1344 2399 1378 2463 in

147 2504 199 2572 us
221 2498 251 2572 l
277 2506 391 2590 ephebi
418 2513 515 2591 aque
543 2510 593 2577 urs
625 2488 783 2579 subrubea
817 2509 1017 2598 sarmatas.
1068 2511 1187 2592 quoue
1215 2510 1325 2596 fragm.
1350 2510 1377 2575 s

148 2615 332 2700 inspexeris
355 2636 432 2687 sane
459 2620 520 2688 hoc
550 2621 715 2690 exhibetur
744 2624 875 2705 simplex
905 2623 1095 2706 epheborum
1124 2621 1286 2705 catalogus
1314 2640 1379 2688 una

147 2745 221 2795 cunr
243 2731 462 2814 epengraphis.
506 2733 612 2815 Atque
632 2733 711 2800 haee
733 2734 932 2817 generaliter.
978 2732 1110 2817 Singula
1137 2739 1175 2800 ut
1202 2752 1286 2800 nune
1307 2751 1379 2816 pro

148 2836 289 2906 ieramus
303 2857 385 2921 quae
399 2841 434 2907 id
449 2841 534 2926 quod
548 2843 692 2911 uolumus
709 2843 933 2929 demonstrent,
955 2846 1092 2929 primum
1113 2863 1160 2913 us.
1178 2852 1196 2912 3
1217 2846 1250 2911 in
1265 2844 1376 2928 fragm.

145 2948 176 3015 B
206 2969 319 3018 revera
349 2952 509 3021 invenitur
538 2951 604 3039 ὗ]π’
632 2953 723 3043 αὐτῷ
752 2949 996 3045 ἐφηβεάσαντας
1025 2954 1197 3043 άνέχροῴε,
1230 2955 1263 3021 id
1294 2955 1378 3039 quod

147 3060 270 3143 requiri
302 3080 399 3146 supra
430 3065 576 3134 diximus.
633 3068 755 3136 Deinde
787 3086 833 3134 vs.
862 3073 915 3135 43.
945 3064 1026 3155 (001.
1055 3066 1085 3146 l)
1118 3067 1150 3132 iu
1190 3064 1300 3148 fragm.
1332 3065 1378 3130 B:

155 3175 448 3258 ΠΕΝΓΡΑΦΟΙ,
470 3176 616 3245 cuicum
637 3197 676 3246 ex
696 3177 807 3262 fragm.
831 3179 868 3244 A.
889 3195 935 3243 vs.
960 3180 1002 3243 46
1026 3174 1107 3259 (Ool.
1130 3176 1192 3259 III)
1220 3174 1379 3242 addideris

151 3301 233 3368 illud
272 3308 318 3383 Ε,
360 3322 473 3372 revera
504 3304 637 3374 efficitur
673 3308 759 3388 quod
795 3304 1034 3374 desiderabatur
1072 3303 1128 3371 sol.
1156 3300 1378 3389 'Elatuypapou

150 3413 252 3482 Porro
285 3415 393 3482 videas
425 3435 520 3500 quam
551 3421 622 3485 arte
652 3417 815 3499 nominum
841 3415 993 3498 reliquiae
1021 3413 1147 3497 (hagm.
1169 3415 1206 3481 A.
1230 3412 1295 3481 Ool.
1319 3413 1379 3493 III,

150 3523 265 3610 fragm
287 3527 324 3593 B.
348 3525 414 3595 Col.
437 3527 466 3612 Ι)
489 3527 550 3595 sibi
572 3527 761 3596 cohaereant
782 3532 815 3595 et
836 3531 960 3610 aptent:
