3510 5304
691 411 1007 484 -4ι-Φ

174 601 414 694 Ἀντοιοορηιὴς
434 604 572 676 Πόπλιος
592 603 692 676 Αἴλιος
708 600 914 695 Ἰσ[όχρο]σος
934 600 1123 691 Παλληνεύς.
1147 638 1190 649 -
1213 601 1248 668 Si
1262 620 1301 667 ex
1322 618 1411 682 prae·

183 716 303 799 scripto
324 715 398 782 licet
420 716 574 799 colligere,
598 718 711 783 titulus
733 721 783 783 est
804 735 843 781 ex
864 732 1109 796 eorumgenere
1131 714 1186 798 qui
1207 712 1332 796 publice
1345 712 1366 778 i.
1382 730 1409 778 e.

185 827 277 894 iussu
310 832 466 894 cosmetae
488 828 686 911 ponebantur
719 828 771 906 (cl.
793 847 861 912 cap.
886 827 953 911 IV).
998 827 1101 892 Huius
1130 826 1214 892 modi
1246 826 1420 893 titulorum

183 939 450 1027 praescriptornm
471 938 625 1007 formulae
646 939 673 1004 si
701 959 764 1005 non
791 939 884 1023 plane
913 939 1058 1017 eaedem,
1091 943 1126 1005 at
1157 936 1274 1007 similes
1306 941 1413 1004 tamen

185 1160 349 1245 ἀνέγραψε
372 1159 451 1242 (dei.
474 1162 528 1238 Ν,
551 1166 623 1241 458,
649 1163 691 1244 1).
715 1198 758 1208 -
788 1156 820 1223 ’ὁ
841 1161 999 1249 aucupavi<
1028 1164 1089 1223 τῶν
1118 1158 1250 1247 ἐφήβων
1280 1156 1328 1221 ἐπὶ
1357 1156 1411 1245 ἄρ·

178 1295 297 1362 χοντος
318 1275 372 1337 τοῦ
394 1273 507 1350 δεῖνος,
530 1271 548 1341 ὁ
570 1272 657 1337 ὃεῖνα
680 1273 860 1359 ἀνέγραψεν
883 1269 962 1352 (dei.
978 1271 1034 1353 IV,
1057 1276 1128 1353 344,
1147 1275 1176 1336 2.
1199 1270 1254 1351 Ν,
1278 1273 1351 1346 272,
1367 1269 1411 1351 2).

185 1418 228 1432 -
253 1380 271 1451 ὃ
292 1385 450 1473 renovab<
471 1382 489 1452 ὁ
511 1385 599 1449 δεῖνα
621 1385 695 1456 τοὺς
716 1381 758 1449 ἐπ’
784 1382 879 1448 αὐτοῦ
902 1382 999 1470 έψηβ.
1029 1384 1085 1466 (sc.
1109 1377 1303 1467 ἀνέγραψεν)
1331 1378 1410 1461 (dci.

184 1496 241 1577 IV,
265 1501 335 1577 344,
360 1497 402 1578 3).
424 1532 468 1544 ·-
511 1493 708 1584 ὁκοσμητὴς
730 1519 755 1563 r.
778 1518 803 1562 ε.
829 1491 847 1562 ὁ
869 1493 956 1558 δεῖνα
979 1493 1141 1578 ἀνέγραψε
1168 1492 1242 1562 τοὺς
1268 1491 1328 1558 κτλ.
1358 1487 1413 1577 ἄρ-

178 1629 296 1697 χοντος
316 1609 371 1670 τοῦ
393 1606 495 1677 δεῖνος
516 1606 595 1694 (dei.
619 1608 674 1689 IV,
699 1606 770 1689 344,
794 1606 838 1693 4).
862 1642 904 1654 -
948 1605 996 1670 ἐπὶ
1027 1607 1080 1668 τοῦ
1103 1603 1206 1675 δεῖνος
1225 1602 1379 1692 ἄρχοντος
1399 1599 1418 1666 ὁ

184 1718 344 1805 κοομητὴς
372 1741 398 1784 τ.
424 1740 488 1785 ε.ο
516 1718 604 1783 δεῖνα
633 1719 693 1784 κτλ.
729 1718 807 1802 (dci.
831 1719 856 1801 I,
888 1723 960 1799 384,
983 1722 1012 1782 4.
1042 1716 1085 1798 ΙΙ,
1109 1719 1181 1781 268.
1210 1715 1264 1792 Ν,
1288 1720 1360 1797 168,
1384 1720 1413 1782 2.
1539 1716 1541 1719 ’

184 1826 244 1905 Ν,
267 1833 338 1910 270,
363 1833 406 1907 2).
430 1866 474 1876 -
517 1826 535 1896 ὁ
564 1832 721 1919 κοσμητὴς
749 1853 774 1894 τ.
806 1828 856 1916 ἐφ.
881 1826 899 1896 ὁ
926 1828 1012 1893 δεῖνα
1040 1830 1088 1892 καὶ
1110 1824 1129 1895 ὃ
1151 1827 1415 1915 ἁντοιοομητὴςο

189 1939 278 2003 δεῖνα
302 1938 375 2010 τούς
396 1964 428 2005 τε
451 1942 511 2006 κτλ.
526 1977 570 1989 -
590 1940 638 2005 ἐπὶ
660 1941 814 2032 ἄρχοντος
833 1943 887 2006 τοῦ
917 1939 1028 2021 δεῖνος,
1056 1938 1240 2025 ἀνέγραψαν
1261 1935 1339 2020 (dci.
1354 1936 1415 2019 III,

187 2047 272 2135 553).
298 2087 342 2098 -
384 2050 640 2139 Κοσμητεύοντος
662 2055 715 2116 τοῦ
738 2051 851 2129 δεῖνος,
874 2051 1027 2141 ἄρχοντος
1048 2052 1102 2114 τοῦ
1125 2048 1232 2119 δεῖνος
1258 2046 1337 2131 (dci.
1360 2048 1415 2129 IV,

188 2162 742 2244 164,1)‚deniqnealiaesimiles;
776 2163 833 2230 sed
860 2163 918 2228 has
945 2161 1097 2229 formulas
1125 2161 1251 2228 demum
1278 2159 1353 2226 inde
1374 2158 1414 2225 ab

188 2272 344 2357 Hadriani
365 2272 432 2339 fere
453 2278 559 2341 aetate
580 2275 612 2340 in
635 2275 736 2342 titulis
760 2273 951 2356 deprehendi
972 2272 1189 2340 adnotandum
1212 2275 1271 2337 est.
1295 2306 1337 2318 -

279 2381 331 2450 Va.
357 2386 384 2456 1,
430 2383 596 2451 Cosmetae
618 2404 730 2452 nomen
753 2386 880 2452 aliunde
902 2385 1049 2467 supplere
1070 2384 1161 2452 nobis
1185 2402 1247 2450 non
1275 2381 1414 2466 contigit.

186 2492 339 2561 Oosmeta
361 2499 410 2561 est
431 2482 570 2563 omnium
592 2497 626 2565 in
648 2496 840 2581 epheborum
868 2495 1032 2580 gymnasio
1059 2495 1302 2579 magistratuum
1331 2506 1415 2560 sum·

184 2624 258 2672 mus
279 2611 313 2672 et
333 2607 572 2675 honestissimus
594 2608 740 2690 idemque
770 2627 893 2690 semper
922 2624 1055 2673 annuus.
1106 2604 1240 2672 Creator
1258 2625 1278 2671 a
1299 2604 1415 2687 populo

179 2718 371 2807 χειροτονίᾳ.
417 2702 531 2784 Omnia
551 2720 584 2784 in
606 2721 769 2804 gymnasio
798 2719 1001 2802 moderatum
1031 2716 1155 2801 singula
1182 2722 1290 2783 autem
1318 2716 1415 2797 magi·

186 2833 308 2896 stratus
341 2834 497 2897 cosmetae
527 2831 646 2898 subditi
668 2830 901 2898 administrant.
946 2830 1132 2898 Rectissime
1150 2828 1414 2912 Dittenbergerus

186 2941 208 3006 l.
232 2939 252 3005 l.
276 2960 346 3023 pag.
372 2946 408 3006 31
446 2942 568 3008 monuit
602 2941 769 3008 ditionibus
803 2942 1019 3009 tantummodo
1053 2945 1085 3008 et
1117 2941 1323 3009 nobilioribus
1355 2939 1416 3008 hoo

183 3070 300 3118 munus
323 3071 343 3117 a
365 3052 484 3119 civibus
505 3052 648 3118 mandari
669 3053 806 3118 solitum
839 3071 924 3134 esse,
956 3053 1040 3136 quod
1074 3052 1123 3120 vel
1155 3052 1229 3119 inde
1262 3051 1415 3135 adparere

184 3166 271 3246 quod
292 3164 388 3230 iidem
409 3164 550 3231 homines
573 3183 652 3248 quos
675 3164 843 3231 archontes
866 3169 899 3231 et
920 3167 1086 3248 strategos,
1116 3180 1255 3230 summos
1277 3182 1314 3231 eo
1337 3168 1414 3228 tem·

182 3294 261 3359 poro
283 3275 495 3357 magistratus,
518 3275 615 3341 fuisse
638 3275 773 3343 sciamus
797 3276 893 3343 etiam
909 3280 1066 3343 cosmetae
1082 3293 1212 3342 munere
1227 3274 1327 3342 functi
1342 3273 1415 3347 sint.

184 3386 278 3466 Quod
309 3405 383 3452 vero
414 3385 498 3453 inter
530 3387 593 3452 alia
626 3388 769 3469 exempla
797 3386 832 3453 G.
862 3387 984 3454 Juliurn
1014 3386 1184 3454 Oasiannm
1215 3386 1415 3471 Apollonium

185 3497 371 3564 Stiriensem
404 3498 436 3563 in
470 3498 518 3564 tit.
543 3498 578 3564 O.
601 3499 626 3564 Ι.
651 3503 712 3564 272
743 3500 780 3565 Α.
812 3498 993 3565 archontem
1025 3493 1214 3582 eponymum
1248 3516 1318 3566 esse
1348 3499 1417 3565 vult

184 3614 288 3675 errat:
312 3614 361 3675 est
381 3609 426 3676 ibi
447 3609 587 3692 ephebus
604 3609 654 3693 (of.
670 3630 742 3694 pag.
760 3614 815 3685 22)
838 3627 942 3692 neque
963 3610 1047 3676 idem
1070 3615 1119 3676 est
1140 3630 1177 3676 ac
1199 3610 1253 3693 qui
1275 3610 1307 3675 in
1330 3606 1365 3674 O.
1389 3610 1414 3674 1.

184 3724 247 3785 272
271 3720 298 3785 Β
321 3720 485 3787 exhibetur
507 3726 646 3787 cosmeta
669 3720 703 3787 0.
726 3720 831 3788 Julius
854 3721 1008 3788 dasianus
1029 3723 1213 3805 Apollonius
1237 3721 1415 3789 Stiriensis:

182 3832 280 3898 immo
301 3832 353 3898 hic
376 3837 425 3898 est
446 3832 529 3898 illius
552 3836 653 3914 pater.
698 3834 771 3915 Ipse
792 3852 867 3900 vero
889 3832 974 3900 filius
997 3832 1033 3900 Ο.
1056 3834 1120 3900 dul.
1137 3833 1207 3901 Cas.
1231 3834 1416 3918 Apollonius

184 3942 258 4009 Stir.
275 3961 386 4009 revera
408 3942 524 4008 archon
541 3961 712 4026 eponymus
728 3945 823 4011 estin
846 3946 894 4011 tit.
920 3943 983 4009 dcl.
995 3946 1054 4026 ΙΙΙ,
1071 3950 1174 4027 277,1
1199 3946 1250 4029 (cf.
1273 3964 1340 4029 cap.
1363 3946 1414 4024 V).

182 4055 295 4135 Neque
317 4054 423 4119 minus
445 4058 532 4119 errat
553 4055 637 4138 quod
660 4056 702 4120 M.
726 4056 890 4123 Aurelium
917 4057 1115 4124 Alcamenem
1137 4057 1318 4123 archontem
1345 4075 1416 4139 epo·

183 4183 313 4249 nymum
335 4182 405 4230 esse
427 4164 502 4229 dicit
523 4165 556 4229 in
579 4165 627 4230 tit.
652 4165 686 4232 G.
713 4167 738 4231 l.
764 4171 827 4233 283
851 4169 906 4250 (=
928 4167 991 4254 Έφ.
1015 4168 1086 4257 cipp.
1104 4169 1217 4252 2601);
1241 4172 1290 4234 est
1312 4173 1345 4234 et
1365 4167 1416 4234 hic

181 4276 227 4344 ibi
249 4274 407 4356 ephebum
430 4275 547 4341 etenim
561 4275 639 4341 illud
666 4276 811 4367 »ἄρχονι
838 4297 954 4345 vanum
977 4284 1027 4345 est
1048 4278 1293 4346 ibivocabulum
1309 4278 1360 4358 (cl.
1377 4279 1417 4346 de

183 4406 221 4454 ea
250 4405 287 4453 re
321 4404 403 4467 quae
435 4385 518 4451 infra
551 4385 715 4471 adferam).
761 4389 828 4455 Iam
862 4390 1062 4457 Cumanudes
1095 4390 1172 4456 illud
1205 4390 1416 4472 fragmentum

184 4496 235 4581 (O.
257 4496 282 4561 1.
307 4497 383 4579 283)
409 4496 443 4560 in
466 4514 523 4563 suo
545 4498 613 4566 loco
635 4501 786 4584 reposuit,
810 4500 864 4568 scl.
888 4502 921 4567 in
943 4502 992 4567 tit.
1017 4499 1080 4582 del,
1101 4501 1155 4583 IV,
1180 4505 1251 4582 344,
1275 4503 1304 4583 2,
1326 4499 1415 4573 onius

184 4614 232 4673 est
253 4607 418 4688 particula.
444 4644 488 4654 —
