3510 5304
671 408 884 471 ...45-

161 589 349 673 paedotriba
374 596 534 672 comparet
565 589 597 655 in
629 589 774 673 11117,
806 595 877 672 272,
907 597 935 658 3.
980 591 1071 670 Quod
1098 611 1172 658 vero
1200 592 1244 659 ibi
1272 591 1388 674 legitur

163 700 461 789 ὑπο]ποιδοτρίβης
486 701 550 766 διὰ
569 700 614 785 ,81
619 723 663 765 oo
686 703 841 783 quomodo
867 702 910 769 sit
935 703 1179 787 intellegendum
1208 704 1387 770 docebimus

162 814 197 879 in
236 831 301 895 cap.
329 813 404 880 XV:
438 812 499 887 luit
530 815 612 881 enim
644 833 701 898 per
734 815 890 895 quandam
921 815 994 881 anni
1022 819 1144 899 partem
1177 813 1388 900 ὑποποιὸοτρέ·

161 925 246 1014 βης,
283 930 353 991 tum
385 930 510 991 mortuo
536 926 721 1009 paedotriba
755 933 907 1010 perpetuo
940 928 1085 1011 Epicteto
1117 928 1150 993 in
1187 927 1254 994 eius
1285 927 1389 993 locum

163 1038 315 1104 successit
338 1040 387 1116 (a
406 1041 490 1114 192).
523 1038 616 1104 Unde
638 1038 731 1104 simul
752 1039 886 1120 adparet
905 1043 1046 1106 nostram
1060 1039 1295 1122 inscriptionem
1316 1041 1389 1122 post

162 1167 194 1215 a
220 1153 279 1215 192
302 1153 463 1216 exaratam
481 1166 559 1216 esse.

259 1258 311 1324 Vs.
328 1264 357 1326 7.
374 1263 406 1327 8.
446 1258 478 1325 Γ
469 1261 655 1347 ρορροτεὺς
675 1260 727 1325 διὰ
740 1261 813 1345 βίον
828 1263 934 1349 ἱερεὺς
947 1261 1099 1350 Στράτων
1115 1259 1282 1352 Ἀχαρνεὺς
1295 1258 1330 1325 τὸ
1343 1256 1390 1326 dl

119 1464 122 1468 Δ
164 1372 186 1437 1.
210 1390 237 1437 8.
261 1375 409 1455 quartum
431 1373 585 1439 decimum
607 1392 724 1439 annum
745 1392 874 1441 munere
888 1373 1031 1458 fungens.
1068 1356 1210 1448 ΡῐοΔῙ
1231 1378 1389 1457 exspecte-
1511 1372 1515 1376 ’

162 1465 310 1557 mosim
342 1481 392 1564 (cf.
414 1482 526 1550 Franz.
549 1484 587 1550 el.
612 1483 709 1568 epigr.
732 1501 804 1568 pag.
819 1488 881 1551 350
903 1492 995 1569 sqq).
1028 1487 1072 1552 m
1086 1485 1227 1552 similiter
1241 1484 1389 1553 scribitur

167 1575 307 1681 ffl'pro
320 1575 389 1674 ῙΙῖῙ
412 1596 445 1662 18
468 1595 531 1662 ora.
555 1596 598 1678 ΙΙ,
613 1600 684 1679 428,
708 1615 752 1662 vs.
767 1600 818 1660 46.
853 1595 980 1663 Scribae
995 1601 1101 1663 autem
1115 1615 1229 1662 munus
1250 1597 1283 1662 in
1298 1597 1390 1680 ephe·

164 1709 280 1775 borum
290 1709 451 1791 gymnasio
463 1709 541 1774 setis
555 1726 669 1790 magna
683 1709 873 1774 auctoritate
888 1712 920 1773 et
934 1707 1087 1791 dignitate
1102 1707 1226 1774 videtur
1236 1705 1389 1775 floruisse.

165 1818 204 1884 Id
219 1819 303 1885 enim
322 1818 396 1884 inde
418 1818 530 1903 colligo
553 1818 638 1899 quod
659 1818 763 1884 scriba
777 1819 897 1901 primus
912 1823 985 1902 post
998 1819 1215 1903 paedotribam
1229 1816 1265 1884 fit
1279 1837 1400 1902 perpe·

165 1934 242 1997 tuus
263 1930 486 2011 mtervceteros
509 1930 662 2014 gymnasii
684 1931 890 2013 magistratus
912 1935 945 1997 et
966 1931 1050 2015 quod
1072 1930 1123 1997 hic
1146 1930 1275 1997 Straton
1297 1929 1390 1995 simul

165 2041 343 2108 sacerdotio
366 2042 502 2125 quodam
517 2040 668 2124 iungitur.
713 2041 802 2108 Idem
823 2041 916 2108 homo
938 2040 1007 2107 aliis
1029 2043 1062 2107 in
1085 2042 1185 2108 titulis
1207 2042 1390 2109 adcuratius

163 2151 342 2235 appellatur
373 2146 527 2240 Στράτων
559 2150 758 2240 Κιθαιρῶνος
785 2148 956 2243 Ἀχαρνεύς.
1013 2152 1221 2236 Sophronista
1249 2159 1299 2220 est
1326 2172 1390 2220 una

163 2281 236 2329 cum
269 2261 368 2329 fratre
391 2263 578 2331 Cithaerone
599 2263 682 2330 Oith.
698 2263 738 2330 fil.
753 2265 889 2332 Acharn.
917 2264 951 2330 in
974 2263 1008 2331 O.
1031 2264 1057 2330 1.
1081 2268 1159 2340 277;
1189 2264 1391 2352 γραμματεὺς

163 2378 197 2439 et
218 2372 324 2460 ἱερεύς
344 2379 393 2440 est
414 2375 447 2440 in
469 2374 503 2440 C.
516 2375 542 2440 Ι.
566 2379 636 2440 286.
652 2410 696 2424 -
717 2376 920 2462 γραμματεὺς
940 2374 991 2439 διὰ
1000 2374 1073 2459 βίου
1096 2375 1128 2463 ih
1150 2374 1184 2440 Ο.
1208 2374 1235 2440 Ι.
1258 2380 1330 2441 276.
1346 2412 1390 2424 -

165 2486 369 2571 γραμματεὺς
389 2486 440 2549 διὰ
458 2486 530 2571 βίου
553 2492 586 2554 et
612 2488 717 2574 ἱερεὺς
737 2488 770 2552 in
793 2484 857 2553 del.
880 2487 941 2568 ΙΙΙ,
964 2491 1036 2568 277,
1060 2492 1093 2560 1;
1127 2485 1185 2566 ΙΠ,
1210 2491 1280 2563 553,
1304 2490 1339 2569 23
1363 2487 1390 2568 Ι,

164 2602 237 2679 518,
262 2602 297 2679 6;
329 2599 463 2681 denique
490 2595 605 2687 18Ἔφ.
635 2599 705 2689 epp.
730 2603 810 2665 2881
837 2597 979 2681 (81888.
1003 2593 1054 2682 V).
1101 2595 1166 2664 Sub
1196 2597 1397 2678 paedotribis

161 2708 308 2791 Epicteto
339 2710 517 2777 Nicostrato
546 2710 744 2795 Telesphoro,
767 2712 788 2777 i.
811 2729 839 2776 e.
861 2709 936 2776 inde
963 2709 1003 2776 ab
1026 2705 1196 2774 Commodo
1227 2726 1328 2790 usque
1356 2708 1388 2772 in

161 2819 345 2888 Caracallae
366 2826 511 2902 aetatem,
532 2821 565 2887 in
587 2841 716 2889 munere
737 2821 806 2888 fuit.
828 2855 872 2869 -

249 2928 330 2994 Inde
353 2931 393 2994 ab
413 2955 459 2998 88.
483 2934 601 2997 9-22
626 2937 831 3000 recensentur
860 2932 1080 3014 sophronistae
1113 2937 1146 2998 et
1176 2931 1389 3015 hyposophro·

160 3041 272 3108 nistae.
316 3042 385 3121 Quo
407 3043 446 3109 de
467 3061 598 3111 munere
618 3064 682 3112 non
702 3046 773 3129 plus
796 3049 992 3125 compertum
1012 3045 1164 3110 habemus
1186 3062 1281 3127 quam
1303 3043 1388 3126 quod

160 3172 200 3220 ex
222 3153 290 3237 ipso
312 3155 436 3221 nomine
458 3157 665 3238 cognoscitur.
698 3157 791 3239 Apud
812 3155 930 3224 Pittak.
953 3156 1043 3223 l'ano.
1067 3154 1206 3222 Athenes
1227 3174 1298 3238 pag.
1314 3156 1388 3236 480,

162 3265 282 3330 48118
304 3283 425 3348 manco,
454 3266 621 3350 sepulcrali
653 3267 720 3333 sine
752 3268 848 3335 dubio
881 3268 984 3351 titulo,
1016 3268 1226 3352 praedicatur,
1260 3288 1387 3353 σωφρο-

162 3374 290 3440 νίσαντα
320 3375 466 3466 ἐφήβους
490 3377 571 3462 μετὰ
594 3377 699 3465 πάσης
720 3376 944 3463 εὐκοσμίας.
967 3415 1009 3427 -
1042 3378 1176 3445 Liberae
1197 3377 1388 3460 reipublicae

159 3491 302 3571 tempore
324 3492 416 3553 erant
437 3488 554 3570 decem,
577 3488 690 3573 singuli
707 3508 745 3555 ex
767 3488 899 3572 singulis
914 3490 1060 3557 tribubus
1076 3488 1167 3556 electi
1183 3488 1233 3570 (cl.
1250 3487 1386 3555 Boeckh.

161 3597 278 3665 Oecon.
303 3598 383 3665 civil.
407 3600 433 3665 l.
456 3618 486 3681 p.
514 3604 585 3667 337.
622 3601 669 3666 De
692 3601 824 3684 ephebia
844 3620 915 3685 pag.
939 3601 1004 3683 851.
1039 3602 1268 3683 Imperatorum
1282 3602 1388 3666 aetate

161 3727 218 3777 sex
240 3727 364 3793 semper
385 3716 459 3776 sunt
481 3711 698 3795 sophronistae
720 3712 915 3796 totidemque
940 3711 1250 3795 hyposophronistae.
1297 3710 1388 3790 Quod

162 3822 291 3896 veroin
314 3819 348 3888 Ο.
372 3822 396 3889 Ι.
422 3827 483 3887 277
507 3826 659 3904 quattuor
682 3829 807 3891 tantum
828 3823 1046 3907 sophronistae
1067 3822 1268 3890 inveniuntur
1282 3821 1328 3888 sic
1342 3821 1389 3887 in·

161 3932 278 4017 tellego
311 3938 349 4000 ut
380 3931 592 4015 fragmentum
627 3933 706 4001 illud
732 3953 802 4002 esse
832 3953 976 4003 censeam
1009 3935 1095 4001 tituli
1116 3953 1179 4018 quo
1201 3938 1389 4016 systremma

159 4044 355 4128 epheborum
384 4046 577 4130 contimtum
612 4045 723 4112 eodem
756 4047 849 4113 modo
878 4051 1048 4128 quaternos
1077 4043 1311 4129 sophronistas¹
1333 4044 1388 4110 ad·

159 4156 294 4240 scriptos
322 4156 498 4223 invenimus
527 4157 651 4224 duobus
685 4159 957 4242 systremmatibus
987 4158 1019 4223 in
1051 4155 1166 4240 1111,
1197 4160 1268 4237 384,
1292 4160 1321 4221 3.
1344 4190 1387 4202 -—
1505 4242 1509 4246 Ι

158 4268 331 4335 Praeterea
351 4269 499 4337 18111811
522 4268 586 4337 dd.
610 4270 664 4351 IV,
689 4276 760 4352 184,
785 4276 812 4352 1,
836 4270 979 4352 quamvis
1001 4270 1134 4352 integro,
1167 4266 1386 4351 sophronistae

231 4521 241 4552 ¹
259 4519 318 4575 Vox
336 4517 530 4588 σωφρονιστὴς
547 4520 583 4573 111
600 4518 689 4572 latiore
707 4536 784 4572 sonsa
802 4525 842 4571 881
857 4518 1029 4586 intellegenda
1054 4518 1090 4572 ita
1107 4525 1137 4570 81
1153 4514 1280 4585 significet
1302 4522 1329 4569 81
1345 4532 1388 4569 88·

159 4607 318 4677 phronistam
335 4613 362 4660 81
378 4605 641 4675 hyposophronistom‚
659 4606 703 4674 qui
720 4604 821 4674 proprie
839 4605 962 4658 dicuntur.
