3510 5304
642 396 853 461 ...67-

216 587 367 656 Redimus
389 587 431 653 ad
452 590 593 652 nostram
614 585 857 669 inscriptionem.

163 692 166 697 ¹
225 698 260 765 V.
284 701 336 764 36.
382 691 436 761 τοῦ
459 697 530 782 περὶ
552 695 648 784 ἁλιῆς
669 703 727 776 (sc.
757 695 894 778 ἀγῶνος)
916 691 1052 764 Πόπλιος
1071 692 1171 763 Αἴλιος
1192 691 1364 781 Κορνήλιος

130 815 164 877 et
195 808 335 892 Φλάβιος
362 808 520 894 Mopsion<
549 805 725 876 Παιανιεύς.
756 843 797 855 --
828 805 928 888 Saepe
958 806 1095 873 occurrii
1123 805 1141 867 ὁ
1168 805 1240 891 περὶ
1269 803 1365 892 ἀλκῆς

62 951 65 955 -
131 922 230 1003 ἀγών.
269 921 337 988 Ηοο
358 921 433 987 ludo
456 920 592 986 omnium
615 918 749 985 fortasse
764 919 955 1001 epheborum
970 916 1087 985 fiebant
1100 917 1263 1001 gymnicas
1278 935 1364 984 exer·

133 1034 311 1115 citationes,
335 1033 450 1113 quibus
472 1032 550 1117 quid
571 1031 703 1114 quisque
725 1036 833 1114 posset
854 1030 1071 1097 demonstrare
1092 1033 1225 1112 poterat.

227 1142 280 1207 Va.
298 1145 351 1209 39.
386 1139 659 1228 Γερμανικεὶω
669 1165 694 1207 ν.
726 1142 934 1223 agonothetae
948 1159 1062 1208 nomen
1076 1145 1168 1208 vacat
1184 1157 1286 1221 neque
1300 1159 1365 1206 om-

138 1255 214 1322 nino
230 1254 402 1338 quidquam
423 1271 468 1319 vs.
491 1258 533 1319 40
555 1254 705 1336 scriptum
727 1252 797 1319 fnit.
842 1254 955 1336 Itaque
978 1252 1123 1334 colligere
1144 1251 1224 1318 licet⁴
1240 1251 1365 1338 omnino

137 1366 262 1432 nullum
285 1385 322 1431 eo
345 1383 428 1431 enno
449 1365 543 1431 huius
566 1364 639 1431 festi
659 1365 757 1432 fuisse
779 1364 1019 1447 agonothetam,
1043 1362 1114 1428 ideo
1136 1362 1270 1429 fortasse
1293 1363 1367 1446 quia
1452 1430 1454 1433 .

135 1477 217 1542 illud
238 1476 355 1542 festum
377 1477 488 1543 nimios
511 1482 655 1560 sumptus
678 1476 879 1544 desiderabat
902 1476 963 1560 (Of.
985 1495 1056 1560 pag.
1080 1477 1155 1559 60.).
1192 1476 1368 1554 Quadrata-

136 1589 220 1666 rius,
251 1590 302 1655 cui
329 1587 364 1657 hi
391 1588 525 1671 catalogi
553 1570 747 1671 insculpendi
774 1589 1001 1664 tradebantur,
1031 1589 1110 1654 adeo
1140 1606 1234 1670 saepe
1264 1588 1367 1654 omnia

136 1700 193 1766 illa
213 1699 367 1767 festorum
388 1701 515 1765 nomina
536 1687 727 1766 inscribebat
749 1698 906 1780 lapidibus
929 1704 966 1764 ut
988 1698 1014 1765 si
1036 1699 1162 1780 quando
1188 1699 1291 1765 minus
1313 1698 1366 1763 ad-

138 1816 250 1878 curate
270 1812 467 1893 propositum
489 1811 640 1893 scriptum
661 1811 849 1893 inspexerat,
872 1809 964 1876 facile
986 1829 1025 1875 ex
1046 1811 1194 1876 memoria
1212 1809 1279 1876 eius
1294 1808 1368 1876 festi

136 1941 252 1988 nomen
272 1923 463 2005 insculperet
484 1923 568 2005 quod
590 1942 653 1988 non
675 1924 826 2005 scriptum
854 1927 923 1987 erat
950 1924 982 1988 in
1011 1920 1195 2005 proposito.1
1239 1919 1367 1986 Gertam

137 2033 222 2097 enim
243 2034 401 2113 quandam
421 2032 534 2098 horum
556 2032 709 2098 festorum
730 2034 883 2099 rationem
905 2035 1000 2114 atque
1023 2033 1163 2099 ordinem
1184 2031 1298 2114 fuisse,
1329 2050 1368 2097 err

138 2161 203 2224 quo
226 2145 297 2226 quis
318 2162 386 2209 rem
408 2143 562 2225 explicare
585 2143 669 2220 velit,
692 2143 793 2209 titulis
816 2162 878 2209 non
901 2145 1119 2227 conprobatur.
1164 2144 1261 2209 Plane
1288 2143 1369 2209 alius

56 2293 64 2300 «
136 2254 209 2320 aliis
230 2254 264 2318 in
286 2253 436 2337 catalogis
458 2272 581 2336 semper
603 2260 651 2320 est
676 2256 763 2321 ordo.
807 2255 1002 2338 Quamquam
1030 2256 1080 2322 vel
1109 2257 1155 2322 sic
1184 2272 1235 2321 res
1264 2258 1370 2337 potest

138 2364 304 2447 explicari:
338 2365 370 2429 in
398 2366 559 2447 proposito
587 2366 795 2447 agonothetae
824 2385 937 2433 nomen
964 2384 1075 2449 parum
1105 2367 1188 2433 clare
1218 2365 1371 2448 seriptum

139 2483 226 2557 erat;
256 2477 361 2542 omisit
387 2495 462 2558 ergo
484 2477 718 2557 quaerebamus,
749 2495 785 2542 eo
811 2477 931 2543 scilicet
959 2477 1087 2543 consilio
1109 2483 1146 2542 ut
1166 2483 1278 2558 postea
1300 2495 1370 2557 cog-

138 2587 243 2653 nitum
265 2605 378 2652 nomen
399 2587 528 2653 relictae
550 2586 681 2652 lacunae
703 2587 903 2669 insculperet,
925 2589 980 2655 sed
1002 2588 1117 2655 oblitus
1139 2594 1197 2654 est
1234 2588 1369 2653 Prorsus

143 2698 256 2764 eodem
288 2699 380 2764 modo
408 2697 533 2763 videtur
561 2715 629 2763 esse
659 2699 886 2790 expediendum
915 2701 1000 2781 quod
1026 2700 1059 2765 in
1086 2699 1135 2765 tit.
1167 2697 1231 2762 ml.
1255 2698 1272 2763 1
1298 2702 1370 2781 post

140 2828 214 2892 pag.
239 2813 289 2885 56,
314 2814 329 2873 1
354 2808 470 2891 legitur
491 2826 536 2873 vs.
560 2812 611 2889 59,
634 2809 686 2871 τὸν
709 2810 887 2898 ὁπλομάχην
911 2803 1081 2898 Ἡρόδοτον
1104 2858 1368 2876 .........

137 2920 295 2996 Εἰτεαῒον,
319 2925 351 2986 et
371 2939 416 2987 vs.
434 2925 475 2985 60
491 2919 610 3007 ἀφέτην
624 2917 756 2983 Καλλίαν
780 2968 1011 2987 ........
1034 2920 1174 3004 Αἰγιλιέα.
1211 2921 1369 3002 Expressa

138 3031 185 3097 ibi
205 3031 340 3097 adnotat
361 3029 561 3097 Cumanudes
583 3036 696 3096 neutro
718 3031 750 3096 in
772 3050 866 3097 versu
887 3033 1058 3116 quidquam
1072 3033 1257 3115 inscriptum
1271 3031 1368 3098 fuisse

137 3142 281 3209 lacunae.
314 3141 394 3209 Gum
409 3145 483 3209 vero'
506 3146 610 3210 cetera
632 3161 713 3225 quae
733 3142 777 3208 ibi
799 3147 856 3208 aut
878 3145 1068 3211 antecedunt
1088 3150 1145 3210 aut
1159 3137 1368 3210 subsecuntur

142 3255 271 3321 nomina
301 3254 405 3321 omnia
432 3273 538 3321 secum
564 3253 702 3320 habeant
728 3260 854 3336 patrum
875 3255 1015 3338 nomina,
1042 3274 1100 3337 pro
1122 3257 1237 3339 quibus
1258 3274 1303 3325 vs.
1327 3260 1366 3320 59
1425 3276 1429 3283 ¹

138 3370 172 3432 et
193 3384 240 3433 ve.
265 3370 306 3432 60
327 3365 441 3432 lacuna
463 3371 512 3432 est
532 3365 649 3441 relicta
672 3364 767 3430 etiam
788 3365 832 3433 ibi
854 3385 891 3433 eo
917 3386 1009 3450 quem
1038 3386 1134 3451 supra
1161 3367 1366 3435 indicavimus

137 3476 231 3544 modo
252 3493 305 3543 res
328 3483 377 3545 est
398 3475 602 3560 οιιρΙὶοοιιιΙα.2

225 3588 317 3668 Quod
344 3590 385 3656 ad
407 3589 477 3670 ipsa
498 3589 649 3655 sollennia
671 3589 876 3656 Germanicae
897 3591 1012 3657 attinet
1033 3591 1210 3658 Boeckhius
1240 3590 1366 3674 quidem

140 3700 186 3782 (in
208 3697 244 3766 O.
267 3700 292 3765 Ι.
316 3702 358 3768 ad
385 3721 417 3768 n.
440 3702 515 3785 246)
543 3701 576 3767 in
599 3701 781 3771 Caracallae
808 3704 959 3771 honorem
988 3724 1026 3771 ea
1052 3705 1200 3772 instituta
1224 3723 1294 3772 esse
1315 3724 1369 3773 uo·

210 3994 221 4023 ¹
239 3992 336 4045 Similis
354 3995 513 4063 neglegentia
534 3997 642 4048 cernitur
658 3998 684 4048 in
702 3998 740 4049 tit.
759 3993 814 4049 Φιλ.
831 3999 878 4063 ΙΙΙ,
895 3998 955 4061 553,
971 3999 987 4052 2
1004 4016 1041 4050 ve·
1058 4000 1092 4055 52
1110 3999 1176 4067 (Col,
1195 4000 1226 4066 l),
1243 4000 1287 4052 ubi
1305 4018 1368 4069 qna·

139 4075 263 4129 dietarios
289 4096 345 4130 cum
368 4079 479 4146 ephebos
502 4081 583 4132 tribus
601 4082 775 4134 Erechtheidis
798 4084 974 4150 insculpsisset
1000 4084 1106 4150 sculpsit
1132 4084 1249 4152 deinceps
1275 4094 1369 4138 temere

141 4160 305 4231 „Aigeiriocffl
323 4182 374 4215 non
392 4175 465 4217 autea
483 4167 596 4234 iuspecto
614 4169 751 4235 proposito,
769 4170 795 4219 in
813 4187 862 4236 quo
880 4172 964 4220 statim
982 4170 1132 4236 sequebatur
1151 4164 1367 4233 ,Πανδιονίδος“;

140 4248 260 4300 nimirum
279 4266 311 4300 ex
327 4251 395 4302 tribu
412 4252 525 4319 Aegeide
543 4253 608 4303 nulli
623 4254 714 4320 ephebi
732 4255 776 4305 illo
793 4272 859 4306 anno
876 4255 902 4305 in
919 4256 1049 4322 gymnasio
1067 4255 1233 4308 versabantur.

210 4352 222 4382 ²
239 4353 299 4404 Huc
316 4355 485 4405 revocandum
502 4355 576 4406 etiem
595 4356 663 4423 qnod
680 4356 706 4406 in
724 4351 780 4407 hcl.
797 4358 844 4418 ΠΙ,
862 4358 921 4418 357,
940 4375 975 4409 vs.
992 4358 1027 4412 30
1044 4358 1191 4409 vocabulum
1214 4355 1367 4425 κεστροφύ-

141 4434 194 4494 ia?
209 4445 249 4489 est
266 4438 438 4505 insculptum,
456 4457 537 4505 neque
555 4448 637 4491 tamen
656 4458 747 4492 nomen
766 4443 874 4492 hominis
892 4443 1044 4509 adscriptum
1062 4444 1197 4504 invenitur3
1222 4461 1368 4511 quamquam

142 4539 227 4573 versus
244 4523 342 4591 integer
359 4530 413 4583 est;
432 4525 646 4593 cestrophylacem
663 4542 720 4579 vero
744 4528 790 4578 illo
810 4545 875 4579 anno
900 4529 925 4579 in
942 4529 1073 4595 gymnasio
1097 4529 1198 4581 omnino
1223 4547 1273 4604 nnn
1290 4530 1369 4581 fuisse

141 4608 182 4658 vix
201 4608 260 4660 licet
277 4609 408 4675 suspicari.
427 4638 461 4648 —

1132 4702 1165 4755 5*
