3490 5296
663 443 877 506 ...97-

150 622 259 706 Atque
280 623 372 704 hunc,
395 641 465 690 eum
487 642 616 690 romana
638 624 766 692 civitate
788 627 923 692 donatus
945 629 1047 703 esset,
1068 644 1258 707 praenomen
1282 625 1385 694 Flavii

151 734 368 818 adsumpsisse
396 739 519 802 constat
540 754 579 801 ex
599 734 669 802 Dio.
693 734 782 802 Cass.
812 740 867 818 69,
898 740 946 806 15.
997 736 1040 803 At
1063 735 1127 828 tuit
1155 736 1206 805 hic
1233 736 1387 822 Bithynus

151 844 357 912 Nicomediae
390 851 488 913 ortus.
540 846 631 914 Sane.
685 846 748 913 Sed
780 848 812 913 id
844 848 949 931 ipsum
976 851 1269 932 —praeterquam
1302 848 1387 932 quod

150 956 290 1022 multum
311 957 344 1022 in
367 956 500 1024 Graecia
521 977 592 1024 eum
615 963 774 1025 versatum
799 977 868 1025 esse
884 961 1068 1041 conpertum
1082 958 1235 1027 habemus
1252 993 1293 1006 -
1309 959 1388 1026 adeo

150 1084 216 1133 non
245 1066 389 1150 infringit
418 1069 606 1136 sententiam
629 1074 769 1135 nostram
797 1073 834 1135 ut
854 1069 988 1136 maxime
1010 1070 1188 1153 conprobat.
1233 1068 1388 1135 Nimirum

150 1178 208 1258 qui
235 1178 324 1244 iuxta
351 1178 434 1246 hunc
464 1181 647 1248 anebontem
674 1182 707 1246 in
735 1180 828 1247 titulo
857 1185 1038 1248 recensetur
1061 1184 1199 1248 cosmeta
1216 1175 1385 1269 Ἀθήναιος

151 1288 276 1372 etipse
297 1289 330 1355 in
351 1288 501 1374 Bithynia
523 1296 612 1358 ortus
634 1309 704 1359 esse
725 1292 860 1359 videtur.
906 1291 1032 1358 Scilicet
1052 1292 1086 1358 in
1107 1291 1156 1358 tit.
1182 1289 1245 1355 Φιλ.
1262 1290 1316 1373 IV,
1333 1293 1385 1367 85,

152 1404 184 1476 4,
207 1401 262 1480 qui
283 1401 395 1467 ecdem
416 1421 498 1468 anno
521 1407 580 1481 (vs.
607 1407 746 1468 11-12:
776 1402 825 1466 ἐπὶ
848 1402 1051 1489 παιδοτρίβου
1082 1403 1116 1465 τὸ
1147 1400 1277 1466 δέκατον
1294 1396 1389 1485 Ἀβα-

155 1512 304 1596 οκιίντοο)
327 1516 376 1579 est
397 1518 559 1600 exaratus,
588 1514 671 1580 idem
698 1514 781 1581 redit
808 1520 946 1581 cosmeta
972 1508 1140 1601 Ἀθήναιος
1168 1509 1388 1598 (Ἀλεξάνδρου

149 1623 369 1708 Ῥαμνούσιος)
391 1623 479 1692 hisce
503 1630 633 1692 ornatus
655 1625 831 1692 vocabulis:
856 1623 1008 1712 ἱερονίκης
1029 1626 1078 1688 καὶ
1103 1624 1330 1712 ξοστοίρχης
1351 1620 1388 1685 ἐν

151 1732 347 1821 Βειθονίᾳ
376 1734 442 1798 διὰ
470 1733 570 1818 βίου.
614 1735 689 1802 Fuit
710 1735 845 1803 fortasse
867 1739 955 1802 ortus
983 1735 1015 1800 in
1045 1733 1154 1802 eadem
1181 1734 1259 1802 urhe
1281 1732 1388 1816 Bithy·

150 1846 233 1923 niae,
256 1845 470 1922 Nicomediae,
492 1847 524 1912 in
546 1863 610 1928 qna
624 1847 787 1925 Arrianus,
811 1865 945 1931 quocum
969 1844 1133 1913 adfinitate
1154 1850 1211 1913 aut
1231 1843 1390 1911 familiari-

150 1960 219 2023 tate
249 1957 434 2023 eoniunctus
461 1955 567 2024 fuerit.
612 1958 670 2025 Illo
700 1963 806 2025 autem
835 1963 976 2041 tempore
1003 1957 1176 2041 permultos
1203 1955 1387 2038 peregrinos

151 2065 377 2134 Atheniensem
400 2067 558 2134 ciuitatem
581 2074 638 2135 aut
660 2070 741 2136 dono
775 2070 933 2152 accepisse
959 2073 1017 2134 aut
1042 2068 1144 2150 pretio
1171 2067 1231 2135 sihi
1258 2085 1389 2150 parasse

150 2181 321 2247 admodum
344 2185 394 2246 est
414 2179 557 2247 notum¹
600 2181 668 2247 Hoc
689 2181 786 2263 igitur
808 2181 885 2246 nihil
908 2179 1046 2246 offendit.
1091 2178 1196 2262 Atque
1218 2177 1295 2244 mihi
1317 2178 1385 2261 qui·

150 2293 223 2358 dem
244 2311 391 2376 magnam
412 2292 478 2358 veri
500 2292 714 2358 similitudinis
738 2292 872 2375 speciem
895 2290 1053 2358 sententia
1074 2289 1128 2355 illa
1149 2308 1226 2371 prae
1247 2307 1282 2356 se
1302 2287 1385 2356 ferre

149 2403 287 2469 videtur.
333 2403 452 2482 Quodsi
481 2407 568 2470 recte
596 2403 764 2468 statuimus
786 2402 972 2484 scriptorem
992 2401 1039 2466 Fl.
1066 2399 1231 2466 Arrianum
1254 2416 1317 2466 non
1339 2399 1385 2464 di·

11 2566 16 2575 .
149 2532 279 2581 versum
306 2533 376 2581 esse
403 2514 443 2582 ah
480 2515 533 2579 illo
557 2514 706 2581 archonte
733 2513 806 2579 anni
838 2515 899 2576 117
917 2536 952 2598 ρ.
977 2509 1050 2575 Chr.
1078 2529 1181 2593 neque
1202 2509 1243 2577 ab
1270 2526 1308 2576 eo
1333 2508 1388 2591 qui

148 2625 182 2690 in
212 2625 248 2690 O.
271 2625 296 2693 Ι.
322 2629 381 2690 193
411 2625 495 2691 inter
516 2630 664 2708 prytanes
691 2624 850 2690 invenitur
879 2641 962 2690 anno
986 2623 1043 2686 171
1075 2620 1127 2699 (cf.
1156 2638 1228 2704 pag.
1253 2618 1371 2703 25),fi

149 2736 217 2802 veri
233 2736 335 2801 simile
357 2736 571 2818 permultum
596 2739 721 2817 tempus
744 2734 876 2800 Athenis
899 2752 970 2800 eum
991 2737 1152 2799 versatum
1175 2749 1244 2799 esse
1266 2736 1299 2797 et
1319 2734 1388 2798 tum

150 2845 287 2913 sortasse
308 2847 458 2929 temporis
481 2846 645 2912 historiam
668 2844 839 2912 Alexandri
862 2843 1092 2926 conscripsisse.

244 2956 297 3024 Vc.
321 2960 409 3023 n-6
442 2958 567 3025 heroico
599 2961 701 3023 metro
734 2957 912 3039 conpositos
945 2954 1042 3022 fuisse
1069 2957 1156 3021 recte
1180 2953 1385 3021 1111111111-

151 3068 305 3151 bergerus
328 3068 401 3152 (1.1.
424 3087 495 3151 pag.
520 3073 559 3134 19
581 3073 646 3134 not.
670 3068 703 3152 8)
725 3069 878 3150 cognovit,
899 3066 1033 3147 ideoque
1054 3069 1126 3146 post
1148 3062 1300 3153 assolares
1321 3083 1385 3131 non

150 3179 295 3248 lacunam
317 3198 401 3260 esse,
427 3180 460 3266 in
482 3198 546 3263 qua
567 3178 608 3243 ἐκ
629 3179 781 3262 scriptum
803 3178 915 3256 fuerit,
942 3184 1028 3245 recte
1049 3178 1133 3244 idem
1165 3176 1305 3260 censuit3
1334 3174 1385 3241 cui

151 3291 316 3374 displiceat
332 3289 416 3355 ἰδίων
430 3310 488 3374 pro
504 3310 593 3373 pron.
609 3291 787 3371 possessivo
804 3308 876 3355 eum
893 3288 1036 3355 conferre
1049 3287 1138 3355 iuhet
1155 3285 1219 3353 Φιλ.
1237 3286 1253 3350 Ι
1273 3305 1304 3369 p.
1321 3290 1384 3352 428

151 3419 181 3467 n
205 3407 223 3468 3
250 3420 296 3469 vs.
320 3407 348 3468 9.
371 3402 433 3467 518
460 3420 505 3469 rs.
532 3407 581 3468 11.
604 3438 647 3449 -
672 3403 768 3468 Errat
790 3407 897 3468 autem
921 3419 992 3468 cum
1013 3398 1165 3467 vocabulo
1189 3396 1387 3486 πολέμαρχος

150 3531 265 3579 munus
287 3516 603 3596 systremmatarchae
624 3513 792 3597 significari
815 3513 893 3580 uult.
938 3514 1036 3578 Immo
1060 3510 1138 3576 nihil
1160 3508 1326 3593 significat,
1348 3511 1386 3573 ut

150 3622 196 3690 ita
223 3624 340 3706 dicam3
376 3630 425 3692 est
446 3627 527 3692 enim
563 3625 797 3714 »πολέμαρχοτα
834 3643 1008 3707 exgenere
1030 3639 1141 3690 eorum
1163 3619 1385 3704 ephebicorum

151 3735 375 3803 vocabulorum
404 3735 538 3823 (ἄρχον,
573 3736 763 3826 στρατηγός,
793 3736 884 3819 κτλ),
913 3736 953 3801 de
980 3735 1094 3818 quibus
1116 3749 1213 3813 supra
1240 3749 1310 3813 pag.
1334 3734 1384 3800 14.

153 3852 192 3914 55
223 3850 437 3916 disseruimus
471 3886 513 3897 —
546 3850 635 3915 Idem
676 3850 874 3938 πολέμαρχος
900 3843 1148 3933 Ἀπολλοφοίννρς.
1172 3843 1319 3926 deinceps
1352 3841 1385 3907 in

152 3960 262 4027 eodem
283 3960 375 4026 titulo
396 3960 498 4042 primo
525 3960 593 4027 loeo
622 3960 655 4025 in
687 3964 906 4044 systremmatc
933 3963 1116 4025 recensetur
1142 3955 1234 4038 pleno
1257 3951 1383 4019 nomine

148 4065 384 4163 Ἀπολλοφάνης
404 4073 557 4163 Εὐφήμου
579 4073 747 4162 Σφήττιος.

238 4187 305 4252 Iam
325 4190 431 4269 potest
453 4185 663 4253 demonstrari
692 4185 734 4251 ad
764 4185 897 4251 eundem
927 4201 1042 4249 annum
1072 4184 1215 4265 spectare
1244 4179 1295 4246 tit.
1320 4175 1385 4244 dcl.

153 4296 206 4381 IV,
229 4319 261 4384 p.
286 4302 356 4383 344,
382 4303 410 4377 3,
433 4298 488 4380 qui
509 4296 701 4380 epheborum
725 4296 905 4380 catalogum
927 4295 1073 4362 eontinet.
1117 4291 1167 4360 lhi
1188 4291 1270 4358 enim
1294 4307 1340 4357 vs.
1367 4293 1386 4354 5

155 4495 358 4506 -ι-ι-ιι-

225 4615 233 4651 ¹
250 4617 326 4671 Hunc
336 4618 531 4671 Atheniensium
549 4634 644 4672 morem
663 4617 790 4671 civitatem
809 4630 881 4668 suam
898 4614 978 4683 pretio
996 4611 1121 4666 vendendi
1138 4609 1297 4663 Automedon
1314 4604 1386 4675 Oyrh

157 4719 233 4760 canus
249 4704 364 4758 mordaci
382 4704 491 4758 carmine
509 4705 661 4774 perstrinxit.
680 4703 717 4756 cf.
737 4702 848 4756 Brunclr.
868 4700 934 4753 anal.
953 4700 1040 4753 Gracc.
1056 4697 1090 4764 11,
1108 4716 1134 4767 p.
1152 4698 1212 4756 208,
1230 4695 1274 4748 VI.
1293 4721 1326 4735 -

1165 4785 1181 4843 l
