3510 5304
857 426 1070 487 ..54-

344 609 443 700 roam
477 610 529 693 τ[ὰ
561 609 767 695 ιιατοί]λοιιιαί
802 611 874 685 κτλ,
908 609 1065 678 aerarium
1097 610 1191 691 plane
1221 610 1407 677 exhaustum
1437 615 1470 677 et
1498 611 1580 678 inse·

347 723 516 809 quentibus
538 723 628 789 annis
650 721 753 789 denuo
775 720 928 804 inpletum
951 719 1175 787 emendetur.
1201 757 1241 767 -

501 832 568 900 Col.
591 832 634 898 11.

438 943 488 1010 Vs.
510 946 540 1011 5.
564 946 594 1011 6.
619 947 646 1009 7.
681 939 800 1032 Ἄρχων
822 942 871 1005 καὶ
893 942 1151 1031 γυμνοσίαρῇος]
1173 939 1213 1006 δι’
1236 943 1311 1007 ὅλου
1327 941 1418 1014 ἔτους
1433 943 1581 1009 Φιλιστεί·

346 1056 405 1145 oq<
438 1052 628 1120 Φιλιστεὶδοο
662 1050 869 1138 Π[ειραιεο’ς].
924 1053 1012 1120 Idem
1044 1052 1127 1120 infra
1159 1072 1205 1120 vs.
1234 1060 1276 1120 48
1310 1064 1582 1125 conmemoratur:

346 1187 385 1235 ex
414 1169 550 1247 utroque
579 1183 673 1233 uersu
702 1164 834 1232 invicem
857 1163 1045 1231 demoticum
1073 1163 1222 1250 efficitur3
1251 1185 1297 1233 rs.
1320 1172 1361 1234 48
1381 1168 1463 1233 enim
1492 1173 1580 1236 extat

348 1275 503 1345 Osdrorsrd
523 1320 723 1344 .......
747 1297 843 1346 αιευς,
879 1311 924 1323 -
957 1275 1019 1342 Pro
1051 1274 1311 1365 γυμνασίαρ[χος]
1344 1282 1451 1361 potest
1483 1279 1580 1347 etiam

347 1385 484 1473 conpleri
506 1387 787 1476 popoaordpstprb
816 1385 900 1470 quod
921 1386 1039 1469 passim
1064 1386 1224 1454 invenitur
1253 1386 1352 1464 (0.1.
1377 1393 1449 1456 270.
1474 1388 1540 1457 Φιλ.
1563 1392 1580 1457 Ι

347 1518 378 1583 p
404 1503 489 1581 tls),
511 1497 604 1565 sicuti
626 1517 684 1581 pro
706 1497 886 1586 ὁπλομάχος
905 1498 1064 1581 reperitur
1085 1498 1180 1565 etiam
1205 1499 1386 1589 oriopdppc
1413 1499 1579 1584 (Rangabe

347 1628 418 1694 pag.
442 1614 504 1676 713
527 1628 577 1675 no.
595 1613 667 1676 995.
712 1607 803 1675 Plato
825 1608 962 1692 Euthyd.
988 1613 1049 1674 299
1073 1606 1123 1696 C).
1146 1646 1186 1658 -
1217 1609 1494 1693 Gymnasiarchos,
1525 1614 1580 1695 qui

348 1719 475 1804 quidem
497 1720 531 1786 in
551 1718 646 1786 huius
669 1721 796 1804 generis
812 1720 914 1786 titulis
936 1719 1146 1801 inveniantur,
1169 1739 1293 1805 semper
1318 1742 1356 1789 ex
1386 1723 1579 1807 epheborum

348 1847 478 1897 numero
506 1847 577 1898 esse
605 1849 702 1913 supra
730 1830 793 1897 iam
822 1830 1113 1898 demonstravimus.
1164 1832 1277 1917 Itaque
1306 1838 1396 1915 patet
1424 1834 1578 1901 illudar

349 1941 472 2011 chontis
493 1960 607 2008 munus
629 1960 691 2008 non
704 1934 783 2010 ¹esse
804 1941 981 2025 publicum,
1009 1943 1066 2010 sed
1088 1941 1272 2026 ephebicum
1302 1943 1459 2029 quoddam
1489 1963 1580 2014 voca·

342 2052 459 2121 >bulum
479 2051 529 2120 vel
551 2053 688 2119 titulum.
732 2053 811 2120 Inde
833 2053 926 2119 simul
949 2052 1085 2121 efficitur
1106 2053 1190 2120 idem
1216 2055 1420 2122 statuendum
1448 2075 1519 2125 esse
1540 2057 1581 2124 de

350 2164 463 2233 ceteris
481 2164 721 2248 insequentibus
735 2164 978 2247 magistratuum
1000 2164 1116 2242 titulis,
1140 2165 1330 2255 στρατηγός,
1353 2168 1468 2255 κῆρυξ,
1490 2167 1580 2250 βασι·

349 2275 437 2358 λεύς,
468 2273 682 2364 πολέμαρχος,
711 2273 912 2362 ἀγορανόμοι.
957 2276 1048 2355 Quod
1070 2295 1107 2343 θο
1127 2282 1293 2358 praeterea
1314 2278 1525 2361 conprobatur
1547 2280 1579 2345 in

349 2390 460 2456 nostra
480 2385 682 2468 inscriptione
697 2385 782 2467 quod
803 2405 849 2454 vs.
866 2392 905 2453 12
928 2387 968 2454 de
988 2406 1064 2470 rege
1079 2387 1210 2454 dicitur:
1233 2386 1369 2452 εἱστίασε
1384 2389 1457 2458 τοὺς
1472 2412 1541 2453 σου
1552 2412 1580 2454 ε-

349 2497 490 2585 φῆβους.
530 2497 616 2564 Nihil
636 2492 785 2564 nimirum
807 2497 869 2563 nisi
892 2515 1007 2563 vanum
1028 2498 1186 2582 quoddam
1203 2500 1395 2583 epheborum
1409 2499 1580 2567 ludibrium

348 2609 408 2678 hac
429 2608 463 2676 in
480 2627 516 2676 rc
538 2608 727 2676 cernendum
748 2614 810 2690 est,
841 2627 903 2690 quo
925 2608 1116 2690 reipublicae
1143 2610 1357 2678 institutiones
1379 2610 1494 2677 imitati
1522 2631 1579 2694 pu·

349 2721 500 2789 blioornm
515 2720 758 2802 magistratuum
779 2719 890 2786 titulos
905 2719 1138 2802 dignitatesque
1152 2720 1212 2788 sibi
1226 2720 1443 2790 adsumebant.
1478 2721 1581 2804 Saepe

350 2831 386 2897 in
409 2830 665 2913 inscriptionibus
687 2830 720 2895 hi
742 2830 835 2908 tituli,
858 2836 894 2897 ut
915 2831 961 2896 ita
982 2830 1094 2907 dicam,
1116 2839 1287 2901 occurrunt
1308 2840 1340 2901 et
1355 2850 1478 2916 semper
1500 2839 1584 2907 sunt,

349 2938 467 3009 iterum
498 2942 566 3023 aio,
599 2941 802 3023 epheborum.
846 2942 947 3023 Quod,
977 2942 1120 3028 quamvis
1142 2945 1377 3027 suspicarentur
1399 2945 1458 3009 viri
1491 2944 1585 3026 docti,

350 3071 421 3121 cum
450 3054 551 3121 adhuc
580 3055 720 3121 nondum
749 3052 899 3120 adcurate
921 3056 954 3118 et
976 3053 1115 3136 copiose,
1144 3053 1177 3120 id
1207 3060 1257 3121 est
1285 3055 1323 3122 dc
1350 3055 1494 3122 omnibus
1517 3055 1585 3122 eius

348 3166 473 3250 generis
496 3165 769 3249 inscriptionibus,
796 3164 1044 3231 demonstratum
1067 3165 1125 3247 sit,
1156 3182 1289 3247 cumque
1311 3166 1438 3247 quidam
1461 3185 1501 3232 ex
1523 3166 1585 3231 illis

345 3275 554 3361 archontibus
569 3276 664 3344 etiam
682 3276 715 3342 in
736 3276 931 3360 publicorum
953 3274 1138 3342 archontum
1160 3294 1383 3360 eponymorum
1404 3275 1586 3359 catalogum

349 3386 493 3454 inmerito
529 3389 593 3454 sint
619 3389 738 3472 recepti
769 3393 865 3470 atque
895 3388 990 3454 etiam
1017 3386 1071 3468 qui
1101 3386 1282 3453 adcuratius
1309 3388 1503 3469 epheborum
1533 3406 1586 3454 res

350 3499 562 3582 perspexisset
583 3500 845 3584 Dittenbergerus
873 3500 953 3567 duos
982 3519 1020 3567 ex
1048 3499 1111 3565 illis
1131 3499 1335 3567 archontibus
1353 3500 1453 3567 iustos
1468 3517 1579 3584 epony·

350 3627 418 3675 mos
434 3609 663 3694 intellegeret,²
691 3631 730 3678 er
750 3630 785 3679 re
806 3611 873 3678 fore
894 3611 1031 3679 arbitror
1053 3610 1150 3679 semel
1172 3610 1212 3677 de
1234 3628 1329 3676 care
1351 3610 1464 3677 docere
1489 3611 1583 3678 adcu-

350 3721 461 3788 ratiuS.
504 3714 542 3788 In
566 3720 629 3788 Φιλ.
652 3724 677 3804 Ι,
702 3727 774 3804 518,
797 3727 816 3788 6
842 3721 962 3811 ἄρχων,
987 3720 1173 3810 στρατηγός,
1196 3722 1312 3810 κῆρυξ,
1333 3720 1502 3805 βασιλεύς,
1532 3744 1581 3785 πο-

349 3832 506 3923 λέμαρχος
532 3834 638 3901 cuncti
658 3836 741 3901 inter
762 3833 904 3919 ephebos
920 3853 979 3917 per
1000 3835 1102 3901 tribus
1124 3833 1293 3917 dispositos
1315 3832 1458 3899 redeunt.
1503 3833 1581 3899 Item

349 3945 383 4011 in
407 3942 469 4009 oa.
490 3945 544 4027 IV,
569 3950 649 4028 559,
673 3950 688 4010 l
721 3942 929 4031 θεσμοθέται,
957 3944 1019 4012 duo
1048 3945 1235 4028 ελςοιγιυγεῖς.
1277 3945 1357 4011 Item
1381 3944 1414 4010 in
1438 3941 1503 4008 Φιλ.
1525 3943 1578 4018 Ν,

352 4061 424 4139 344,
447 4061 466 4123 2
489 4039 619 4145 ἄρχων,
642 4055 835 4145 στρατηγός,
858 4057 976 4146 κῆρυξ,
1003 4054 1171 4140 βασιλεύς,
1202 4054 1414 4144 πολέμαρχος,
1445 4055 1580 4137 quinquo

351 4164 559 4252 θεσμοθέται,
591 4168 653 4234 duo
683 4166 850 4252 ἀστυνόμοι
856 4215 866 4245 ,
897 4169 959 4234 (λιιι)
990 4165 1192 4254 ἀγορανόμοι.
1216 4166 1359 4232 -Item
1384 4165 1417 4230 in
1439 4162 1503 4228 dar.
1526 4148 1590 4236 IVs

354 4280 467 4360 168,3
496 4276 622 4368 ιζοχων,
651 4277 841 4367 στρατηγός,
869 4276 1035 4363 βασιλεύς,
1065 4275 1273 4365 πολέμαρχος.
1295 4313 1334 4324 -
1358 4277 1439 4342 Item
1460 4276 1493 4340 in
1516 4271 1575 4337 Φιλ.

356 4585 359 4592 ,
382 4602 384 4605 ¹
420 4531 430 4563 ¹
449 4529 492 4583 Sic
509 4530 577 4583 enim
593 4529 776 4583 restituendum
794 4546 850 4583 aare
866 4490 989 4583 existimo·
1079 4597 1082 4600 y

419 4613 430 4646 ²
447 4615 484 4668 cf.
503 4633 578 4686 supra
596 4631 655 4686 pag.
676 4617 717 4672 41.
