3490 5296
666 416 903 485 -131-ν

171 603 258 687 quod
279 602 312 669 in
335 601 499 670 Salamine
521 600 629 671 tinnula
651 626 679 668 a.
702 605 790 670 1830
813 607 972 686 repertum
994 609 1063 669 esse
1085 596 1240 684 adfirmat,
1262 604 1295 669 el
1316 596 1401 684 qdod

172 715 266 797 plane
294 715 376 782 idem
407 734 476 782 esse
508 722 603 799 atque
633 719 709 784 illud
741 716 875 783 alterum
905 717 968 799 (no.
996 716 1071 799 241)
1100 734 1163 781 non
1192 711 1399 797 adgnuveratl

172 826 219 892 Ut
240 830 345 891 autem
368 828 433 893 suis
456 828 588 910 quisque
612 829 710 895 oculis
737 830 839 912 possit
868 846 995 895 eernere
1025 846 1087 894 non
1115 824 1230 893 similia
1257 825 1339 891 inter
1367 842 1401 891 se

173 954 244 1003 esse
265 936 327 1002 due
350 936 540 1021 fragmenta,
569 959 678 1006 verum
706 959 803 1006 unum
832 939 993 1022 idemque,
1022 937 1082 1006 hoe
1107 956 1233 1023 quoque
1258 937 1321 1005 huc
1350 936 1401 1004 de·

172 1050 322 1143 scribam,
350 1050 442 1134 quale
463 1050 580 1118 Pittak.
604 1051 737 1133 exhibet,

432 1256 1144 1369 aexourozzqearurouu

430 1385 980 1461 κΑΛΛικΡΑτονεεΑ

378 1512 899 1589 ΑΣΙΑΡΧΟΥΝΤΟΣΜ

393 1640 608 1713 ΙΣΙΔΟΥ

429 1769 863 1847 εκεκΡοωΔοε

470 1899 778 1972 assereus

472 2006 723 2101 auaro}

555 2157 741 2230 ·nu0r

594 2287 701 2358 ενκ

258 2562 453 2630 Litterarum
475 2564 588 2630 duetus
611 2582 631 2629 a
652 2582 701 2629 uo.
714 2567 773 2628 241
791 2562 934 2630 diversus
949 2578 1019 2629 esse
1040 2561 1174 2630 videtur.
1215 2560 1252 2630 ln
1272 2583 1321 2631 no.
1339 2568 1398 2630 241

171 2679 268 2744 habes
291 2681 341 2760 Σ,
370 2678 418 2758 a,
439 2681 489 2754 rt,
513 2680 541 2758 l),
563 2667 614 2754 Δ,
635 2662 680 2753 Ᾱ;
710 2677 775 2744 hic:
803 2680 852 2755 ξ,
875 2679 922 2756 Α,
952 2674 995 2756 Π,
1020 2676 1134 2754 M,
1157 2680 1198 2755 ll·
1241 2677 1403 2744 AtPitta·

170 2788 285 2856 kisium
306 2789 338 2856 in
360 2788 447 2855 hisce
468 2787 562 2854 rebus
584 2806 697 2870 parum
719 2789 869 2856 adcurate
892 2807 988 2871 agere
1009 2790 1087 2855 satis
1109 2795 1159 2856 est
1181 2794 1299 2856 notum.
1338 2788 1402 2856 Ita·

170 2921 231 2985 que
252 2900 312 2968 hoc
334 2901 460 2985 quidem
482 2900 559 2966 nihil
580 2904 630 2966 est
658 2900 816 2967 momenti.
862 2901 922 2966 Est
948 2906 1054 2967 autem
1082 2899 1167 2967 aliud
1197 2901 1281 2983 quod
1311 2899 1402 2967 mire·

169 3030 240 3078 mur
262 3011 312 3079 vel
334 3013 418 3095 quod
439 3011 540 3094 pessit
565 3009 732 3076 offendere.
777 3010 838 3089 Qui
864 3010 992 3077 tandem
1021 3009 1090 3076 fieri
1118 3014 1223 3094 potest
1252 3015 1288 3077 ut
1320 3029 1402 3077 uuus

169 3121 314 3204 idemque
334 3120 447 3188 titulus
469 3127 502 3188 et
522 3121 655 3186 Athenis
678 3124 813 3189 a.1839
836 3127 868 3188 et
891 3121 926 3184 in
947 3119 1112 3186 Salamine
1134 3119 1243 3184 insula
1266 3121 1402 3187 a.1830

169 3232 211 3297 sit
232 3233 387 3313 inventus,
410 3233 437 3298 si
459 3234 585 3316 quidem
608 3234 704 3300 semel
726 3235 843 3318 reperti
865 3231 948 3299 tituli
966 3233 1098 3299 Athenis
1121 3232 1310 3298 servantur?
1338 3231 1400 3297 Ne·

169 3361 231 3425 que
253 3347 358 3409 tamen
381 3360 460 3423 opus
482 3349 531 3410 est
544 3344 720 3426 Apollinem
743 3344 915 3426 consulere,
942 3344 1110 3410 dummodo
1130 3343 1308 3410 memineris
1323 3341 1401 3407 talia

170 3458 203 3518 et
223 3452 346 3533 similia,
368 3471 491 3520 summa
511 3473 550 3520 ex
568 3455 689 3521 incuria
712 3460 792 3532 orta,
814 3454 980 3521 Pittahisio
996 3461 1060 3522 tam
1078 3473 1173 3537 saepe
1187 3453 1341 3519 accidisse
1365 3457 1401 3518 ut

172 3562 223 3628 vel
246 3563 409 3629 extiterint
431 3564 484 3646 qui
506 3563 670 3632 falsarium
692 3586 762 3632 eum
784 3564 1014 3633 iudicaverint.¹
1056 3566 1099 3631 ht
1120 3565 1202 3629 iuste
1223 3563 1258 3629 O.
1281 3561 1402 3628 Keilius

170 3672 216 3761 (in
245 3674 328 3740 Mus.
359 3675 458 3740 Rhen.
481 3675 573 3743 XVII
600 3695 672 3761 pag.
696 3673 751 3761 69)
780 3676 875 3742 huius
906 3695 980 3742 eum
1009 3675 1142 3742 absolvit
1166 3673 1308 3741 'criminis
1330 3692 1401 3740 cum

169 3785 262 3852 dicit:
287 3786 353 3850 »Im
372 3785 501 3854 Ganzen
524 3789 601 3854 wird
623 3807 696 3853 man
717 3788 807 3854 mehr
828 3786 908 3855 iiber
927 3785 1189 3873 queaauiqlrez't,
1212 3783 1402 3849 namentliclr

170 3894 251 3959 auch
274 3896 309 3959 in
330 3896 464 3983 Anqahe
486 3895 543 3963 der
564 3897 743 3980 Fundana,
772 3900 836 3965 und
858 3899 939 3965 dher
960 3897 1226 3981 Interpolationeu
1248 3896 1295 3962 als
1323 3896 1403 3962 dber

169 4007 257 4074 reine
278 4007 440 4093 Dichtung
462 4029 503 4076 zu
524 4008 639 4093 klagen
660 4009 793 4077 haben«
818 4009 946 4077 -Sed
974 4026 1036 4091 quo
1065 4007 1158 4075 modo
1188 4025 1321 4089 eumque
1349 4007 1403 4073 illa

169 4137 222 4185 res
245 4117 409 4201 sehabet,
431 4139 482 4187 no.
499 4124 558 4186 241
584 4129 617 4189 et
639 4141 689 4189 no.
709 4127 791 4189 1850
813 4140 911 4188 unum
932 4122 1078 4203 idemque
1099 4122 1310 4203 fragmentum
1332 4137 1403 4186 esse

169 4249 262 4298 nemo
283 4250 347 4298 nou
371 4231 542 4314 intellegit,
569 4252 672 4317 neque
693 4234 800 4300 multis
822 4234 855 4301 id
876 4236 1094 4300 demonstrare
1115 4250 1230 4315 operae
1258 4236 1308 4298 est
1332 4249 1404 4314 pre-

168 4345 258 4411 tium.
304 4344 441 4413 Videtur
461 4351 567 4413 autem
589 4345 700 4428 fragm.
723 4345 782 4412 sub
806 4349 958 4412 n0.1850
980 4343 1085 4428 paullo
1112 4343 1225 4411 melius
1252 4359 1322 4409 esse
1350 4340 1403 4407 de

239 4532 248 4564 ¹
266 4533 306 4587 cf.
324 4532 441 4596 Bursian,
462 4533 556 4587 Gesch.
575 4532 599 4586 d.
617 4533 710 4603 grieeh.
729 4533 852 4588 Khnstler
867 4535 889 4597 Ι,
907 4535 949 4589 97.
980 4530 1114 4601 (Stephani
1129 4528 1194 4584 Ner.
1207 4528 1395 4584 Merulam

170 4617 214 4682 lv,
234 4620 267 4681 ὃς
285 4619 433 4687 Rhaugahis
450 4619 539 4671 Berue
556 4619 623 4672 arch.
641 4620 674 4681 11,
693 4620 763 4686 425.)

1217 4701 1251 4765 91
