3510 5304
709 385 922 445 ..15-

287 574 355 637 Iam
377 569 551 653 complures
582 569 668 634 tituli
700 571 833 648 exstant,
868 585 906 631 ex
939 565 1052 648 quibus
1086 564 1231 647 cognosci
1262 567 1369 646 potest
1397 568 1429 630 et

204 702 299 766 quem
320 699 437 746 annum
460 681 659 746 Abascantos
681 679 713 743 in
735 696 865 744 munere
880 677 922 742 sit
945 682 977 743 et
992 681 1099 741 utrum
1120 674 1316 741 intercalaris
1338 674 1381 740 sit
1402 675 1430 739 is

202 812 304 859 annus
327 810 434 857 necne.
481 790 562 856 Sunt
584 794 689 856 antem
711 790 744 855 hi
765 788 868 855 tituli:

202 932 400 996 Abascantus
454 929 491 993 In
516 925 579 992 dcl.
617 928 642 1005 Ι,
667 931 742 992 164:
765 926 858 991 11111ΠΙ
878 943 1040 990 annum-
1061 942 1124 990 non
1144 923 1371 989 intercalarem.

202 1060 407 1123 munerepae·
456 1075 498 1085 -
526 1076 567 1083 —
616 1039 640 1117 Ι,
665 1042 743 1103 384;
765 1037 901 1100 XIXnuum
923 1055 1009 1101 an-
1032 1035 1181 1101 intercal..
1225 1101 1233 1112 ,

237 1153 380 1218 dotribae
456 1187 499 1195 —
529 1149 638 1229 -IV,
663 1137 742 1213 270:
764 1149 884 1213 XXmum
906 1167 993 1214 515-
1014 1166 1076 1212 non
1098 1148 1208 1212 intere.

230 1263 379 1346 fungitur.
457 1297 498 1306 -
526 1295 567 1306 -
616 1260 640 1339 Ι,
665 1258 944 1325 5551111111ιῘΙΙι
968 1259 1268 1324 an-noninterc

290 1433 392 1515 Supra
414 1449 486 1513 pag.
513 1436 551 1495 12
575 1431 866 1511 demonstravimus,
888 1431 1024 1512 primurn
1037 1428 1208 1495 Abascanti
1228 1426 1431 1509 paedotribae

204 1563 320 1610 annum
343 1544 481 1609 incidere
503 1542 587 1607 intra
609 1560 707 1607 annos
732 1547 900 1607 136-138
922 1561 952 1623 p.
976 1539 1050 1606 (ihr.
1096 1539 1232 1605 Proinde
1253 1539 1435 1627 necessario

183 1669 185 1675 ’
204 1655 321 1721 cadunt

313 1788 396 1854 11111ε
420 1790 532 1855 Α5555.
554 1789 728 1871 paedotrib.
752 1806 853 1854 annus
874 1789 959 1853 intra
981 1806 1079 1853 annos
1151 1788 1315 1852 139-141

1151 1902 1318 1962 154-156

1151 2012 1318 2073 155-157

1151 2124 1315 2185 rae-171

293 2309 387 2373 Aliud
408 2307 477 2374 fieri
499 2308 616 2389 nequit.
662 2307 818 2388 Respecto
839 2325 922 2372 nunc
945 2304 1109 2387 Callippici
1131 2308 1209 2388 cycli
1231 2309 1352 2374 ratione
1372 2308 1431 2373 hoc

210 2418 360 2485 efficitur:
383 2425 489 2500 potest
511 2436 586 2483 sane
608 2437 664 2499 per
687 2435 721 2482 se
743 2417 826 2482 IV²¹¹⁸
841 2417 954 2482 Abasc.
973 2436 1073 2483 annus
1097 2424 1239 2498 spectare
1254 2420 1295 2484 ad
1317 2437 1344 2483 a.
1362 2422 1433 2498 140,

208 2551 270 2596 non
294 2530 334 2595 ad
356 2549 384 2595 a.
412 2535 482 2609 139,
505 2548 575 2593 cum
609 2529 660 2593 hic
688 2529 729 2592 sit
752 2527 988 2609 embolimaeus,
1022 2532 1154 2608 quartus
1184 2530 1296 2595 Abasc.
1319 2549 1347 2595 a.
1370 2548 1432 2594 non

208 2644 443 2723 embolimaeum
467 2643 541 2706 item
564 2645 669 2722 potest
690 2659 747 2720 per
768 2658 802 2704 se
824 2640 997 2705 ΧΧΧΝ1118
1016 2639 1127 2704 Abasc.
1143 2659 1243 2705 annus
1266 2641 1378 2706 cadere
1400 2641 1432 2705 in

206 2759 328 2833 5170,
361 2753 532 2818 nonina.
559 2755 628 2828 169,
663 2770 734 2817 cum
755 2752 806 2818 hic
832 2751 1037 2829 intercalaris,
1070 2751 1243 2817 XXXIVtus
1265 2750 1378 2817 Abasc.
1402 2769 1431 2816 a.

207 2884 270 2930 non
292 2864 487 2929 intercalaris
511 2863 561 2927 sit.
606 2863 803 2943 Quamquam
825 2862 995 2928 Abascanti
1018 2861 1111 2926 lpum
1137 2881 1252 2929 annum
1280 2881 1320 2927 ne
1348 2863 1380 2926 in
1403 2881 1430 2927 a.

213 2980 272 3039 140
296 2974 424 3056 quidem
446 2980 542 3055 atque
565 2974 678 3038 Abasc.
701 2974 875 3038 ΧΧΧΝ11111
897 2991 1014 3038 annum
1045 2991 1086 3037 ne
1114 2972 1148 3037 in
1170 2991 1197 3037 a.
1224 2974 1285 3037 170
1307 2973 1433 3053 quidem

207 3104 298 3167 posse
320 3084 441 3149 retrudi
469 3084 542 3147 inde
564 3084 626 3148 iam
649 3082 789 3160 efficitur,
823 3084 907 3166 quod
941 3102 1010 3147 crim
1033 3083 1110 3148 illud
1139 3083 1424 3163 5151551511111118

209 3196 322 3261 Abasc.
345 3213 446 3259 annus
468 3214 530 3259 non
552 3193 721 3273 quadrabit
744 3211 814 3259 curn
843 3193 928 3274 cyclo
952 3191 1133 3275 Callippico.
1180 3193 1252 3258 Sive
1280 3194 1363 3258 enim
1392 3193 1433 3258 ad

211 3323 328 3371 annum
354 3307 415 3369 154
439 3307 504 3370 sive
526 3305 567 3369 ad
590 3323 617 3370 a.
644 3309 703 3368 155
732 3323 861 3369 revocas
884 3304 998 3368 XIXum
1020 3305 1132 3372 Abasc.
1162 3322 1287 3383 annum,
1320 3308 1433 3369 neutro

208 3434 284 3481 casu
307 3435 406 3483 annus
431 3414 563 3481 efficitur
585 3416 780 3480 intercalaris
803 3434 841 3479 en
863 3416 957 3496 cyclo,
981 3414 1066 3494 qnod
1098 3420 1204 3480 tamen
1227 3415 1432 3480 desideratur.

208 3524 245 3591 In
267 3528 388 3591 nullum
409 3527 507 3609 igitur
528 3544 644 3591 annum
676 3527 788 3591 cadere
809 3530 915 3606 potest
936 3525 1040 3589 XIX¹¹³
1061 3527 1173 3591 Abasc.
1197 3543 1299 3590 annus
1320 3526 1380 3589 nisi
1401 3525 1434 3590 in

209 3642 333 3702 5156.
380 3638 515 3703 Proinde
543 3639 662 3720 primus
691 3639 863 3703 Abascanti
895 3638 1099 3719 paedotribae
1132 3655 1232 3703 annus
1264 3636 1347 3702 ina.
1372 3641 1433 3700 138

186 3744 237 3830 'p.
262 3746 334 3813 Chr.
358 3748 477 3813 incidat
498 3767 625 3814 necesse
648 3754 705 3814 est.
730 3784 770 3796 -

293 3858 385 3936 Quod
406 3860 433 3924 si
454 3864 540 3925 recte
562 3861 739 3939 statuimur,
761 3877 825 3923 non
847 3878 867 3923 a
888 3877 924 3923 re
946 3859 1083 3923 alienum
1105 3857 1175 3937 erit,
1198 3857 1338 3940 singulos
1360 3858 1432 3923 titu-

207 3971 265 4050 155,
287 3971 401 4052 quibus
423 3970 622 4037 Abascantus
643 3971 829 4053 paedotriba
850 3977 1023 4052 perpetuus
1046 3970 1220 4050 exhibetur,
1248 3988 1305 4035 suo
1328 3986 1434 4049 quem-

209 4098 271 4161 que
293 4100 374 4147 anno
398 4081 565 4163 disponere
588 4101 623 4147 5ο
647 4083 784 4161 consilio,
808 4086 844 4146 ut
865 4080 1060 4156 archontum,
1083 4081 1137 4162 qui
1159 4082 1198 4146 iis
1220 4081 1252 4146 in
1267 4080 1367 4146 titulis
1388 4081 1435 4145 in·

209 4192 385 4267 veniuntur,
408 4211 506 4259 annos
528 4198 675 4258 accurate
697 4191 891 4258 definiamus.
