3510 5304
691 413 900 473 ..9-

184 597 304 678 moniis,
328 601 396 662 tum
417 597 575 679 temporis,
600 613 662 677 quo
683 594 833 678 ephebiae
854 612 955 660 annus
970 612 990 659 a
1005 594 1232 661 Botdromione
1246 593 1409 676 inceperit,

187 709 309 774 civilem
337 727 453 773 annum
502 712 589 774 certo
627 726 689 772 non
728 707 768 773 ab
799 705 1026 772 Boudromiona
1071 706 1233 777 exordium
1264 706 1407 773 traxisse.

185 819 248 886 Sed
280 819 339 885 hoc
380 837 463 885 nunc
500 817 626 901 quidem
658 816 866 883 demonstrari
897 820 1010 903 potest
1065 816 1217 899 Ephebici
1256 817 1339 884 enim
1370 818 1409 883 ti-

183 929 253 1007 tuli,
275 929 330 1012 qui
351 930 392 994 ad
414 929 547 995 alteram
569 927 711 1011 primia.
735 925 807 992 Chr.
831 926 948 994 saeculi
969 929 1090 1007 partem
1110 932 1255 1009 spectant
1286 925 1365 1010 (du.
1381 929 1407 994 I.

183 1043 255 1120 post
277 1057 348 1121 pag.
373 1044 422 1119 56,
456 1041 472 1102 1
498 1056 542 1104 vs.
568 1044 595 1119 l,
624 1043 658 1129 21
688 1036 736 1101 ἐπὶ
772 1041 828 1125 τῆς
855 1036 1014 1106 Αἰαντίδος
1046 1036 1182 1125 τρίτης
1214 1037 1408 1124 πρυτανείας,

184 1149 500 1238 Βοηδρομιῶνος
523 1150 649 1237 τετράδι
670 1143 718 1214 ἐπὶ
740 1148 825 1213 δέκα.
847 1185 891 1197 --
933 1150 987 1218 Vs,
1011 1153 1065 1213 64:
1097 1147 1145 1212 ἐπὶ
1167 1153 1223 1236 τῆς
1252 1148 1410 1220 Αἰαντίδος

184 1255 368 1349 ἑβδόμης
388 1261 583 1347 πρυτανείας,
607 1259 863 1347 Γαμηλιῶνος
891 1253 1052 1348 ἑνδεκάτη.
1075 1297 1116 1308 -
1162 1259 1209 1325 Of.
1240 1279 1269 1325 v.
1294 1258 1344 1325 73.
1366 1295 1409 1308 -

184 1370 294 1452 Ipost
315 1389 386 1454 pag.
411 1376 460 1437 56.
483 1391 532 1437 no.
556 1377 585 1437 2.
604 1389 654 1437 no.
679 1375 707 1437 3.
731 1408 772 1418 -
794 1374 868 1451 post
889 1389 960 1453 pag.
985 1376 1026 1436 90
1043 1391 1093 1437 no.
1112 1376 1146 1447 4;
1168 1376 1241 1455 post
1257 1390 1329 1454 pag.
1346 1375 1408 1437 288

185 1498 234 1545 no.
260 1486 287 1546 5.
311 1482 367 1562 -)
391 1483 505 1549 docent
525 1482 691 1564 perspicue
714 1486 782 1548 tum
803 1482 953 1563 temporis
975 1481 1097 1548 civilem
1120 1500 1236 1548 annum
1257 1483 1297 1548 ab
1308 1482 1409 1548 Heca·

184 1592 369 1658 tombaeone
391 1593 515 1659 initium
544 1595 673 1674 cepisse.
696 1629 737 1641 -
782 1593 924 1672 Denique
953 1598 1100 1659 constans
1127 1594 1160 1659 in
1190 1594 1258 1676 ejus
1285 1593 1409 1676 generis

184 1700 335 1783 catalogis
357 1703 512 1768 mensium
533 1704 624 1769 sedes
646 1707 743 1786 atque
764 1702 841 1769 ordo
862 1702 950 1770 hicce
972 1707 1035 1769 est:

432 1813 478 1896 (3)
502 1812 710 1901 Βοηδρομιών

432 1925 476 2007 (4)
500 1922 692 2008 Ποανοῴιών.

432 2034 479 2116 (δ)
504 2034 744 2122 Μαιμακτηριών

432 2146 478 2229 (6)
500 2144 680 2212 Ποσειδεών

471 2255 685 2341 Ποσειδεώνβ

228 2306 411 2374 embolimus

263 2436 379 2484 menffls
466 2477 646 2565 Ἀδριονιών
676 2499 776 2564 usqne
798 2481 871 2548 inde
893 2456 940 2548 ab
955 2480 1117 2548 Hadriano

432 2588 481 2678 (7)
504 2590 534 2655 Γ
529 2592 668 2680 αμηλιών

432 2699 479 2787 (8)
501 2700 726 2794 Ἀνδεοιηριών

430 2815 476 2896 (9)
494 2810 730 2900 Ἐλαφηβολιών

410 2923 476 3010 (10)
500 2923 672 3012 Μοννιηιών

378 3082 381 3089 .
409 3035 479 3117 (11)
504 3032 685 3120 θαρρηλιών

409 3145 477 3226 (12)
499 3142 719 3231 Σκιροφοριών

429 3256 476 3339 (l)
493 3252 727 3340 Ἑκατομβαιών

430 3364 477 3451 (2)
501 3366 726 3450 Μεταγειτνιών

266 3475 371 3555 Tituli,
378 3477 492 3557 quibus
498 3478 706 3544 hicmensium
718 3480 795 3547 ordo
807 3481 979 3563 exhibetur,
988 3462 1148 3565 pertinent
1160 3482 1233 3549 inde
1246 3484 1286 3550 ab
1299 3502 1328 3549 a.
1343 3483 1401 3548 111

177 3603 210 3666 p.
235 3583 307 3650 Chr.
332 3583 412 3672 (der.
435 3587 495 3651 III.
513 3592 584 3666 350,
609 3593 640 3665 1)
663 3607 763 3672 usque
785 3593 824 3657 ad
841 3590 1071 3660 Gordianorum
1086 3598 1229 3675 tempora
1250 3592 1330 3677 (dcx.
1351 3594 1405 3661 IV.

180 3699 253 3775 168,
276 3697 317 3777 3).
347 3696 439 3763 ·Inde
461 3715 518 3777 per
545 3703 647 3762 totum
675 3700 733 3766 hoc
763 3706 887 3784 tempus
920 3704 1074 3770 mensium
1105 3704 1212 3770 sedem
1244 3722 1405 3785 nunquam

177 3823 248 3871 esse
270 3805 465 3872 immutatam
489 3811 698 3889 cognoscitur.

308 3915 384 3983 om.
407 3917 448 3983 ΙΙ.

272 4026 323 4093 Va.
347 4031 376 4093 2.
413 4027 619 4118 Ἐρεχθεΐδας,
643 4032 720 4097 item
741 4052 785 4100 vs,
808 4034 828 4099 8
850 4034 999 4117 Arpetone.
1044 4036 1082 4101 In
1110 4036 1250 4102 tribuum
1272 4035 1403 4101 nomini-

176 4138 237 4204 bus
259 4141 499 4207 terminatio-
522 4141 607 4212 εΐδος
628 4149 774 4210 constans
803 4150 852 4211 est
873 4147 1098 4229 imperatorum
1128 4151 1247 4221 aetate3
1282 4148 1402 4214 cunctis

177 4248 280 4314 titulis
314 4250 496 4333 exhibetur,
528 4271 591 4318 une
613 4259 743 4336 excepto
771 4255 820 4321 tit.
848 4253 913 4319 Φιλ.
937 4257 962 4333 Ι,
986 4261 1059 4337 384,
1081 4262 1102 4322 4
1125 4264 1167 4337 (a.
1193 4262 1252 4322 156
1275 4278 1306 4340 p.
1329 4256 1402 4324 Chr.

175 4358 317 4442 scripto),
346 4362 401 4428 ubi
436 4362 600 4429 etiamtum
640 4365 790 4432 scribitur
821 4365 1035 4456 Ἐρεχθηΐδος,
1071 4366 1220 4456 θῖνηΐδος,
1249 4367 1402 4456 Αἰγηΐδος.

175 4469 214 4535 In
236 4471 349 4537 ceteris
371 4472 511 4539 tribuum
526 4473 705 4542 nominibus
720 4477 876 4543 scribendi
897 4479 979 4544 ratio
996 4478 1113 4545 variat:
1136 4478 1295 4544 invenitur
1309 4480 1402 4546 modo

175 4577 382 4651 Πανδιονίδος
408 4582 502 4649 modo
529 4581 765 4661 Πανδειονίδος;
800 4606 882 4655 nunc
912 4586 1089 4660 Λεοντίδος
1115 4607 1199 4657 nunc
1226 4587 1402 4673 Λεοντίδος,
