3510 5304
735 1036 797 1128 IV.

329 1223 392 1314 AD
420 1224 642 1316 suueuia.
671 1149 988 1317 ARCHAEOLOG.
1017 1224 1047 1314 N
1054 1215 1073 1257 ⁰
1100 1221 1202 1302 1030.

147 1442 342 1534 Pittakisius
363 1470 395 1534 in
417 1469 624 1552 Ephemeride
648 1470 882 1552 aruhaeologica
903 1489 954 1536 no.
974 1476 1055 1536 1030
1078 1471 1177 1536 edidit
1198 1471 1283 1536 tituli
1297 1470 1379 1553 frag-

147 1584 306 1661 mentum,
338 1581 420 1662 quud
446 1582 519 1648 olim
546 1583 608 1646 iam
638 1583 670 1646 in
696 1582 776 1648 libro
808 1583 998 1649 »l’ancienne
1028 1581 1185 1648 Athenas«
1218 1600 1290 1664 pag⁴
1317 1588 1378 1648 347

147 1691 368 1773 promulgasse
391 1712 424 1758 se
446 1694 570 1759 videtur
591 1694 752 1776 ignorare,
782 1695 814 1759 id
837 1696 920 1775 qued
942 1695 1015 1761 huic
1042 1696 1110 1760 viro
1132 1711 1233 1777 aequo
1256 1694 1379 1775 saepius

148 1803 273 1869 accidit„
319 1803 432 1886 Itaque
453 1803 619 1886 fragmenti
643 1807 824 1888 apographa
845 1806 979 1872 alterum
1007 1807 1047 1872 ab
1070 1805 1170 1872 alteru
1191 1806 1223 1870 in
1250 1804 1381 1887 singulis

148 1912 266 1978 litteris
288 1933 351 1979 nun
373 1913 515 1995 paullum
537 1916 724 1996 discrepant.

236 2023 377 2106 Contigit
398 2026 488 2091 uubis
510 2031 547 2091 ut
569 2031 601 2092 et
622 2028 681 2093 hoc
703 2027 913 2110 fragmentum
935 2029 976 2095 ad
998 2029 1132 2094 eundem
1154 2047 1271 2093 annum
1293 2046 1380 2110 spec-

147 2141 218 2203 tare
241 2139 513 2221 adgnosceremus,
537 2141 578 2203 ad
600 2158 693 2220 quem
715 2141 827 2206 titulus
851 2139 913 2207 Φιλ.
935 2142 951 2205 Ι
972 2161 1043 2224 pag.
1064 2146 1134 2221 518,
1152 2145 1180 2220 6,
1204 2141 1243 2205 de
1265 2157 1327 2220 quo
1348 2139 1382 2202 in

149 2248 228 2328 Gap.
253 2249 302 2313 ΙΙΙ
332 2249 474 2315 diximus.
524 2250 734 2333 Sequentibus
756 2253 890 2334 primum
917 2253 980 2317 hue
1010 2252 1184 2317 describam
1214 2255 1383 2331 utrumque

149 2359 394 2426 Pittakisianum
417 2361 648 2443 apographum,
675 2363 786 2428 deinde
809 2363 965 2443 quemodo
987 2362 1217 2429 restituendum
1240 2365 1272 2427 et
1293 2360 1383 2426 intel-

148 2470 318 2554 legendum
341 2472 383 2537 sit
403 2471 613 2555 fragmentum
635 2473 789 2542 indicabo.

225 2637 367 2734 '’Epup.
394 2637 474 2743 ἀρχ.
501 2660 561 2708 no.
584 2635 693 2706 1030.
902 2627 1027 2703 L'anu.
1054 2626 1218 2701 Athenes
1245 2651 1281 2724 p.
1303 2625 1389 2696 347.

1148 2784 1179 2851 Α

268 2917 600 2991 ΠΝΟΕΩΝΕΛ
908 2908 1219 2984 ΠΝΟΓΙΩΕΝ

269 3045 567 3118 ΥΙΜΟΕΩΝ
909 3033 1246 3111 ΤΙΝΘΕΟΝΟ

270 3174 522 3247 ΙΑΡΙΕΩΝ
934 3164 1220 3239 ΝΑΝΒΙΩΝ

267 3303 591 3378 ΑΔΙΛΦΙΚΩΝ
909 3290 1259 3369 ΑΔΡΑΦΝΙΩΝ

269 3433 527 3506 ΗΙΕΡΟΝΑ
913 3422 1216 3497 ΒΗΡΩΩΝΑ

191 3561 565 3636 Ρ..ΜΕΙΩΝΜΟ
1089 3545 1324 3621 ΝΕΙΩΝΜΟ

218 3689 653 3764 ΙΜΝυΔ.ΕΙΩΝΑΝ
844 3674 1282 3753 ΜΜΟΔΕΙΩΝΑΝΤ

164 3817 628 3894 ΘΗΡΙΔΙΩΝΤΥΛΛ
895 3805 1230 3882 ΗΜΛΙΩΝΤΥΜ

162 3946 595 4022 ΠΙΝΙΚΙΩΝΑΙΛΙ
969 3928 1346 4007 ΠΙΝΙΚΙΩΝΑΙΛΙ

192 4073 539 4148 ΗΕΕΙΩΝΟΡΟ
1014 4054 1335 4136 ΗΣΕΙΩΝΘΥΟ

165 4200 575 4277 ΜΦΙΛΡΑΩΝΚ
972 4184 1311 4263 ΜΦΙΑΡΑΩΝΚ

163 4327 626 4405 ΣΡΜΛΝΙΚΕΙΩΝ
1002 4307 1429 4390 ΕΡΜΑΝΙΚΕΙΩΝ

164 4459 606 4533 ΟΥΠΕΡΙΛΛΚΗΣ
843 4439 1311 4521 ΟΥΠΕΡὶΑΛΚΗΣ

164 4586 546 4667 ΑΝΤΙΚΟΕΜΗ
844 4569 1220 4650 ΑΝΤΙΚΟΣΜΗ

1160 4721 1176 4779 6
