3510 5304
372 1743 436 1836 lo
465 1743 592 1839 CORP.
620 1743 931 1839 ustauhun
965 1738 1023 1836 ΝΟ·
1045 1746 1123 1826 281.

666 1897 709 1963 (cf.
727 1896 779 1948 tab.
798 1896 831 1962 1.)

26 2168 27 2171 ¹
130 2140 176 2254 lu
200 2183 235 2250 O.
259 2184 284 2249 1.
307 2183 362 2250 Gr.
391 2203 422 2249 n.
447 2188 505 2249 281
542 2184 708 2257 exhibetur
739 2185 824 2249 tituli
852 2184 1063 2268 fragmentum
1091 2184 1260 2250 admodum
1294 2204 1363 2251 rnu-

130 2294 238 2373 tilum,
262 2295 316 2377 qui
338 2293 378 2359 ad
401 2295 591 2377 epheborum
614 2314 666 2362 res
688 2297 834 2377 pertinet.
880 2294 977 2360 Cuius
999 2294 1113 2377 lapidis
1135 2313 1206 2361 cum
1228 2295 1362 2363 alterum
1408 2371 1410 2375 .

130 2403 198 2470 iere
221 2404 384 2471 dimidium
406 2409 544 2487 reperire
566 2407 643 2472 mihi
665 2408 840 2490 eontigerit,
862 2408 942 2472 haut
956 2405 1066 2471 inutile
1081 2424 1150 2472 esse
1164 2412 1241 2488 puto
1257 2425 1363 2472 eruen-

26 2506 27 2509 ’
133 2515 245 2581 datum
269 2516 396 2583 titulum
417 2518 468 2583 hic
490 2518 607 2600 publici
628 2520 706 2583 iuris
728 2517 849 2598 facere,
872 2518 1059 2600 praesertim
1087 2534 1159 2582 cunr
1187 2517 1255 2593 hic,
1277 2536 1362 2583 nunc

133 2624 202 2692 iere
236 2628 373 2710 integer,
404 2627 574 2709 plurimum
606 2630 711 2695 valeat
737 2628 779 2694 ad
808 2630 940 2695 aliorum
968 2627 1110 2694 eiusdem
1137 2629 1261 2710 generis
1284 2628 1360 2694 titu-

130 2736 235 2802 lorum
268 2743 406 2804 aetatem
437 2737 653 2806 definiendam.
702 2741 741 2805 In
772 2740 881 2807 tabula
913 2737 1055 2820 titulum,
1088 2739 1294 2820 compositum
1327 2743 1361 2804 et

27 2908 29 2923 ,
130 2853 286 2929 quantam
307 2847 377 2916 fieri
405 2851 509 2932 potuit
534 2851 566 2916 in
594 2852 752 2934 integrum
779 2852 977 2930 restitutum,
1008 2851 1091 2932 typis
1120 2848 1295 2930 reddimus,
1324 2853 1362 2913 ut

130 2958 198 3023 suis
221 2959 355 3042 quisque
378 2960 476 3026 oculis
499 2960 598 3043 possit
620 2960 803 3042 diiudicare,
825 2980 888 3044 qao
910 2962 979 3027 iure
1002 2961 1081 3027 haec
1102 2959 1164 3026 duo
1185 2957 1362 3042 fragmenta

132 3069 229 3134 unius
252 3070 454 3151 eiusdemque
477 3089 547 3136 esse
568 3071 782 3155 inscriptionis
804 3072 976 3155 particulas
997 3077 1095 3154 atque
1116 3071 1196 3137 adeo
1232 3069 1360 3136 dimidia

129 3178 321 3247 dictitemus.

215 3289 347 3374 Editum
369 3297 419 3357 est
440 3291 576 3358 alterum
596 3291 807 3376 fragmentum
831 3293 870 3360 ab
894 3291 1078 3357 Cumanude
1100 3290 1132 3356 in
1156 3288 1309 3377 Φιλίστωρ
1325 3291 1360 3356 ΙΙ

128 3419 201 3483 pag.
229 3406 289 3466 184
312 3399 365 3487 (cf.
390 3402 485 3467 etiam
508 3402 533 3482 I,
556 3408 627 3483 479,
650 3404 706 3470 ubi
733 3404 816 3470 idem
844 3400 1070 3486 fragmentum,
1098 3401 1155 3468 sed
1183 3402 1286 3467 minus
1313 3399 1360 3467 in·

130 3512 269 3594 tagram)
292 3516 325 3576 et
348 3511 474 3594 quidem
497 3547 539 3559 —
561 3513 646 3593 quod
669 3514 749 3579 solet
771 3512 972 3579 Oamanudes
994 3549 1036 3560 -
1058 3511 1256 3591 minusculis,
1278 3527 1358 3594 quas

132 3625 258 3700 vocant,
286 3621 410 3687 litteris.
463 3621 659 3704 Quamquam
686 3638 758 3701 nos,
781 3626 819 3687 ut
852 3622 965 3688 melius
999 3620 1154 3702 quomodo
1191 3626 1361 3703 utrumque

129 3730 341 3814 fragmentum
363 3731 455 3797 alteri
477 3732 652 3812 cohaereat,
675 3730 731 3797 fiat
752 3731 967 3814 perspicuum,
998 3737 1031 3797 et
1057 3732 1118 3796 hoc
1146 3729 1357 3811 fragmentum

130 3842 161 3907 in
190 3842 362 3923 composito
389 3841 482 3908 titulo
512 3842 708 3909 exhibuimus
742 3841 928 3909 uncialibus.
978 3841 1102 3922 Fragm.
1126 3859 1165 3905 ex
1187 3839 1221 3905 O.
1246 3841 1270 3905 Ι.
1294 3845 1354 3906 281

30 4002 31 4019 ,
129 3951 301 4034 repetitum
323 3952 355 4017 in
379 3953 489 4019 tabula
510 3951 754 4035 significavimus
781 3952 840 4018 litt.
863 3953 890 4031 I,
911 3952 1045 4017 alterum
1068 3968 1106 4015 ex
1127 3949 1248 4015 Philist.
1271 3967 1354 4015 sum·

30 4106 31 4109 ,
129 4066 218 4142 ptum
240 4062 299 4127 litt.
324 4062 366 4128 ΙΙ.

216 4172 321 4255 Atque
343 4173 506 4238 inventam
528 4178 577 4238 est
597 4171 709 4254 fragm.
733 4173 774 4252 II,
801 4171 988 4238 Gumanude
1009 4176 1100 4250 teste,
1116 4170 1248 4235 Athenis
1263 4187 1360 4251 prope

128 4283 291 4349 ecclesiam
315 4282 346 4348 S.
362 4283 513 4347 Demetrii
537 4285 611 4345 »rob
634 4276 842 4371 Κατηφόρηι.
889 4281 1049 4365 Frang
1071 4286 1217 4346 servatur
1231 4278 1360 4346 Floren-

129 4394 209 4473 tiae,
237 4393 312 4459 olim
341 4393 373 4458 in
396 4392 470 4458 villa
491 4394 714 4478 Riccardiana3
747 4396 875 4477 saepius
906 4399 955 4459 est
985 4392 1112 4458 editum.
1157 4391 1218 4469 Qui
1239 4390 1359 4472 primus

129 4503 317 4585 particulam
339 4502 465 4585 quidem
487 4502 655 4586 fragmenti
678 4506 694 4569 Ι
716 4504 824 4586 edidit,
851 4501 1105 4569 Moutfaucouins
1133 4501 1231 4580 (Diar.
1255 4499 1357 4565 Italic.

130 4630 199 4697 pag.
226 4614 303 4696 361)
329 4619 441 4678 narrat
462 4631 532 4679 esse
554 4615 644 4697 quasi
666 4614 837 4681 turriculae
859 4629 1062 4678 marmoreae.
1104 4611 1175 4677 Non
1204 4628 1262 4676 suo
1289 4610 1359 4675 iure

1185 4716 1198 4767 1
