3490 5296
853 406 1086 471 —144-

667 590 729 676 Τιβ.
753 591 868 659 Karou.
892 592 1052 681 Λεωνίδης
1073 594 1114 676 (I)
1138 591 1295 681 δᾳδοῦχος

666 812 729 896 Teii.
752 813 866 878 Κλαύδ.
895 700 1055 902 ΛοσιάδΙης
1078 813 1120 898 (1)
1145 812 1301 902 δᾳδοῦχος

668 1036 730 1121 Τιβ.
754 1038 868 1103 Istorioi.
892 924 1022 1108 Σῶσπιδ
1043 1036 1201 1127 δᾳδοῦχος

356 1329 448 1379 (archon
461 1330 485 1369 in
498 1329 558 1371 Phil.
572 1328 615 1378 111,
629 1330 675 1380 282,
691 1332 712 1372 2.
1014 1329 1022 1451 Ι
1050 1377 1053 1383 Ι

355 1401 379 1439 et
392 1398 449 1449 apud
461 1399 606 1440 Lenormant.
620 1399 636 1439 l.
650 1397 678 1451 l.)

781 1475 843 1559 Τιβ.
867 1475 920 1540 Κλ.
943 1475 1105 1566 Λοοιάδης
1125 1477 1202 1561 (III)

845 1586 879 1637 (tn
892 1586 987 1637 uphem
1003 1587 1064 1628 arch.
1080 1587 1128 1637 121)

442 1700 519 1766 Inde
540 1704 672 1767 stemma
694 1700 778 1781 quod
800 1698 975 1766 Boeckhius
997 1700 1038 1764 ad
1062 1698 1095 1765 0.
1118 1701 1143 1766 I.
1168 1703 1230 1764 385
1254 1698 1296 1763 ΙΙ.
1326 1696 1493 1763 divinando
1520 1715 1594 1761 ma-

356 1810 404 1892 gis
427 1810 604 1878 confecerat
624 1831 695 1878 cum
717 1816 855 1894 augetur
874 1816 942 1876 tum
964 1811 1097 1879 maxime
1120 1809 1333 1876 confirmatur.
1386 1848 1395 1857 -

442 1921 488 1987 Ut
508 1923 549 1987 ad
565 1923 731 2006 Lysiadem
754 1923 854 1989 nostri
876 1922 987 1988 indicis
1002 1923 1138 2004 redeam,
1162 1923 1266 1988 nescio
1282 1941 1321 1987 an
1337 1919 1389 1987 ille
1404 1918 1560 2003 Lysiades
1576 1920 1593 1984 Ι
1733 1942 1734 1981 i

360 2033 411 2098 hic
439 2031 668 2117 intellegendus
698 2035 741 2099 sit
768 2034 893 2100 archon.
939 2034 996 2099 lilo
1026 2039 1166 2116 tempore
1193 2052 1289 2117 penes
1318 2050 1435 2115 paucas
1465 2037 1594 2097 tantum

360 2138 494 2209 familias
524 2163 647 2228 semper
676 2144 773 2213 fuisse
806 2147 953 2228 imperia,
987 2147 1207 2229 magistratus,
1241 2144 1594 2233 deniquestignitates,

366 2255 455 2336 quasi
477 2254 652 2324 hereditate
673 2257 808 2339 relictas,
830 2257 908 2324 satis
932 2257 1044 2325 docent
1065 2257 1158 2323 tituli.

364 2390 368 2415 ι
390 2400 394 2407 ·
447 2364 503 2429 Ad
518 2390 547 2433 a.
565 2369 618 2434 38.
651 2368 889 2458 Δημήτριος,
905 2370 1031 2451 ignotus
1043 2369 1155 2435 adhuc.
1185 2368 1266 2433 Nam
1281 2368 1398 2434 archon
1409 2366 1593 2432 Demetrius

363 2477 396 2542 in
419 2477 466 2543 tit.
489 2478 611 2545 Philist
628 2480 654 2560 1,
676 2485 748 2562 post
768 2499 840 2563 pag.
865 2484 914 2561 56,
939 2483 957 2544 2
980 2479 1125 2547 huonon
1147 2479 1242 2562 cadit,
1263 2479 1319 2545 sed
1341 2477 1445 2561 paullo
1467 2483 1517 2545 est
1538 2497 1593 2544 ve·

362 2590 484 2658 iustior.
508 2627 548 2638 -
577 2592 614 2657 In
637 2589 672 2657 0.
695 2594 720 2658 Ι.
745 2597 805 2658 195
835 2597 922 2659 extat
949 2590 997 2656 ἐπὶ
1026 2591 1177 2681 ἄρχοντος
1198 2590 1273 2678 Αδρ.
1296 2589 1362 2679 [impr
1378 2635 1525 2665 .......
1556 2594 1594 2655 ai

358 2701 608 2786 supplementum
635 2709 685 2770 est
712 2704 876 2772 incertum.
903 2739 947 2750 -
974 2704 1069 2784 Apud
1091 2701 1190 2771 Beue
1219 2702 1285 2767 11.
1313 2721 1384 2785 pag.
1411 2706 1485 2782 174,
1514 2705 1589 2782 202,

357 2821 430 2898 225,
452 2821 524 2898 249,
547 2818 681 2900 saepius.

443 2926 499 2999 Aa
519 2951 549 2991 a.
573 2931 624 2996 39.
662 2929 909 3019 Δημοχάρης.
947 2929 1071 2999 Archon
1088 2928 1298 2996 Demochares
1322 2929 1471 3010 conparet
1493 2926 1591 2992 etiam

357 3039 441 3123 apud
463 3041 680 3124 Rhusopulum
704 3042 886 3125 (κατάλογος
908 3046 969 3106 τῶν
993 3040 1026 3105 ἐν
1049 3037 1191 3131 Ἀθήναις
1212 3039 1389 3125 γενομένων
1411 3036 1590 3126 ἀρχόντων)

356 3151 390 3215 in
412 3150 480 3216 eius
501 3149 581 3218 libro
606 3151 807 3241 »ἐγχειρίδιον
829 3156 886 3242 τῆς
912 3152 1070 3241 ἑλληνικῆς
1097 3150 1344 3241 ἀρχαιολογίαςμ(
1370 3145 1471 3239 Ἀθην.
1498 3150 1590 3231 1861,

356 3281 387 3345 p.
414 3266 473 3328 169
497 3280 563 3345 sqq.
610 3263 672 3330 Sed
694 3264 778 3331 unde
800 3265 920 3330 eruerit
941 3266 1065 3347 ignoro,
1096 3283 1167 3332 curn
1189 3264 1272 3329 iliius
1302 3262 1374 3329 libri
1403 3260 1591 3344 inspiciendi

358 3373 448 3458 copia
469 3376 545 3441 mihi
567 3394 628 3442 non
651 3374 735 3441 facta
753 3376 807 3442 isit.
830 3412 874 3424 -
895 3377 990 3459 Apud
1011 3376 1110 3443 Beult
1132 3394 1162 3459 p.
1187 3380 1258 3458 291,
1284 3379 1356 3441 346.

442 3484 499 3551 Aa
519 3510 550 3554 a.
572 3488 623 3554 41.
646 3489 699 3553 42.
721 3487 774 3553 43.
821 3485 868 3554 cf.
892 3506 989 3571 supra
1010 3488 1052 3553 ad
1073 3508 1101 3554 a.
1126 3492 1176 3553 21.

442 3595 499 3664 Aa
519 3623 549 3663 a.
574 3602 626 3665 44.
671 3598 886 3682 Supplendum
908 3597 1194 3686 Ποδαγ[όρ]ας.

365 3754 367 3757 -
442 3708 499 3774 Ad
516 3735 546 3777 a.
569 3713 620 3779 45.
654 3706 908 3800 Ἀντίπατρος.
942 3711 982 3777 cf.
1004 3730 1109 3795 supra.
1147 3712 1196 3778 Ab
1217 3709 1277 3778 hoc
1298 3711 1457 3793 archonte,
1479 3711 1589 3793 quiex

357 3822 530 3905 Phlegonte
551 3823 702 3900 innotuit,
727 3842 797 3890 meo
819 3824 933 3890 iudicio
955 3844 1018 3891 non
1041 3825 1184 3891 diversus
1206 3828 1256 3890 est
1276 3823 1444 3907 Antipater
1470 3824 1587 3890 archon

359 3934 524 4000 titulorum
546 3934 600 4017 qui
622 3935 750 4000 suntin
772 3934 807 4001 Ο.
830 3936 855 4000 Ι.
880 3938 957 4016 282,
984 3935 1104 4001 Philist.
1129 3936 1182 4012 IV,
1206 3939 1255 4012 73,
1281 3940 1308 4012 1,
1336 3934 1485 4001 Haliisch.
1510 3934 1586 4000 Litt

301 4044 303 4049 '
359 4045 393 4109 Z.
419 4049 501 4110 1844
523 4045 598 4111 Dec.
626 4062 697 4128 pag.
723 4050 793 4111 651.
839 4046 943 4129 Atque
965 4046 1158 4113 Boeckhium
1180 4045 1305 4127 quidem
1327 4046 1505 4112 litterarum
1528 4043 1589 4111 for·

358 4174 428 4222 mae
451 4160 484 4221 et
505 4156 691 4223 sollennium
709 4156 984 4223 Germaniceorum
1006 4156 1124 4222 mentio
1146 4160 1370 4223 conmoverunt
1396 4160 1434 4222 ut
1461 4156 1588 4223 titulum

359 4267 394 4333 0.
422 4266 448 4332 Ι.
472 4271 533 4333 282
563 4266 725 4335 Caracalla
751 4287 814 4335 non
841 4268 1048 4351 antiquiorem
1077 4286 1146 4334 esse
1175 4272 1325 4335 censeret.
1376 4266 1511 4334 Secutus
1540 4272 1588 4333 est

359 4396 429 4446 eam
450 4381 638 4446 sententiam
661 4380 798 4447 Meierus
825 4381 857 4446 in
881 4381 998 4449 Oomm.
1028 4381 1126 4463 epigr.
1153 4398 1226 4462 pag.
1250 4384 1301 4444 80.
1347 4377 1410 4443 Sed
1437 4377 1477 4444 de
1503 4378 1586 4445 iliius

358 4493 508 4576 temporis
530 4494 687 4577 scriptura
708 4493 816 4560 videas
831 4511 913 4575 quae
927 4511 998 4575 pag.
1015 4498 1056 4557 40
1072 4492 1216 4557 diximus.
1250 4489 1456 4557 Germanicea
1471 4494 1587 4567 autem,
1642 4482 1644 4487 ’

360 4603 491 4674 docente
512 4604 604 4672 titulo
625 4604 746 4673 Philist.
769 4606 829 4684 ΙΙΙ,
853 4610 925 4683 350,
955 4608 1041 4673 certo
1069 4605 1131 4670 iam
1158 4620 1239 4669 anno
1265 4606 1322 4668 111
1352 4601 1412 4669 suh
1439 4602 1588 4671 archonte
