3490 5296
664 381 897 446 -119-

168 565 297 631 tandem
318 565 368 631 vel
389 564 490 631 dicam
513 565 602 631 cuius
624 564 824 647 imperatoris
850 563 882 628 in
910 563 1059 629 honorem
1088 560 1291 628 institutum?
1317 561 1394 627 talia

103 686 105 691 '
168 677 253 744 euim
279 675 431 744 festorum
462 678 588 743 nomina
615 675 683 743 sola
712 676 966 757 exculpebautur.
1017 674 1066 739 Ex
1093 674 1243 756 temporis
1272 673 1394 752 inquo

167 804 332 855 versamur
353 788 475 855 ratione
497 787 618 854 nullum
639 787 753 854 festum
776 788 838 852 huc
860 787 945 854 cadit
971 791 1098 867 praeter
1118 783 1307 869 Koppdcleza.
1353 786 1396 849 At

166 898 226 966 hoo
248 905 360 982 postea
381 899 516 976 demum,
540 918 629 965 eraso
651 900 751 965 altero
773 897 907 978 nomine,
930 901 979 964 est
995 896 1161 979 sculptum.
1199 897 1395 977 Quamquam

169 1011 224 1092 qul
246 1015 353 1093 potest
373 1029 425 1077 res
446 1010 602 1091 intellegi,
632 1009 660 1073 si
690 1028 800 1074 revera
826 1007 906 1073 alius
934 1007 1007 1074 festi
1033 1026 1145 1074 nomen
1174 1006 1217 1072 ibi
1245 1007 1396 1088 scriptum

168 1120 285 1188 suisset
313 1121 424 1203 prius?
456 1121 513 1186 Ille
540 1122 621 1187 enim
639 1116 841 1206 Ἀλέξανδρος
857 1115 1061 1202 Ἀλεξάνδρου
1089 1114 1314 1203 Μαραθώνιος,
1342 1116 1397 1196 qui

166 1232 210 1296 ibi
240 1231 299 1313 (νε.
322 1234 375 1313 60)
404 1232 595 1314 agonotheta
623 1235 818 1306 recensetur,
846 1233 902 1295 aut
929 1229 1007 1294 certi
1034 1228 1196 1294 cuiusdam
1223 1227 1295 1292 lesti
1323 1243 1395 1308 ugo-

167 1343 300 1408 notheta
322 1340 382 1407 fuit
404 1348 543 1409 autnon
565 1343 633 1409 fuit.
677 1343 774 1424 Atqui
797 1342 1055 1408 Commodeorum
1083 1340 1273 1423 agonotheta
1298 1338 1396 1403 fuisse

169 1453 215 1519 ibi
239 1452 370 1519 dicitur:
398 1455 529 1536 proinde
549 1454 643 1521 huius
666 1453 738 1520 festi
764 1453 825 1518 luit
855 1453 1061 1536 agonotheta,
1089 1470 1151 1517 nou
1181 1450 1262 1515 alius
1291 1447 1396 1514 nescio

170 1564 271 1628 cuius.
317 1564 360 1647 At
382 1565 536 1646 sculptum
561 1564 610 1627 »K
613 1588 630 1628 0
635 1563 861 1650 ρροδείωνα
891 1563 924 1628 iu
950 1564 1035 1639 loco,
1061 1563 1094 1627 in
1121 1580 1182 1644 quo
1209 1561 1296 1643 prius
1324 1559 1398 1625 festi

171 1676 338 1741 cuiusdam
359 1694 472 1741 nomen
495 1695 628 1742 erasum.
667 1677 757 1743 Sane.
795 1677 978 1743 Necessario
1001 1674 1134 1741 efficitur
1155 1673 1251 1739 fuisse
1273 1677 1305 1738 et
1319 1671 1397 1737 illud

170 1804 300 1851 erasum
323 1804 435 1853 nomen
460 1787 718 1871 »Κορροὸείον«,
749 1788 832 1870 quod
854 1793 964 1869 postea
991 1787 1093 1852 denuo
1124 1791 1172 1852 est
1198 1784 1397 1865 insculptum.

170 1896 365 1979 Exculptum
387 1903 492 1963 autem
515 1904 564 1964 est
583 1899 643 1964 hoc
664 1898 733 1965 loeo
756 1900 813 1981 (νε.
831 1899 885 1981 60)
904 1897 1036 1964 eandem
1051 1898 1091 1963 ob
1106 1915 1231 1963 oausam
1248 1897 1287 1961 ob
1303 1913 1397 1977 quam

170 2026 218 2073 νε.
245 2013 274 2073 1.
305 2012 324 2071 2
359 2008 498 2074 eiusdem
529 2009 728 2092 imperatoris
761 2028 874 2074 nomeu
907 2013 957 2075 est
989 2028 1027 2073 ex
1060 2007 1215 2074 industria
1250 2008 1397 2072 deletum.

168 2118 367 2200 Quamquam
389 2138 435 2185 νε.
454 2121 484 2183 1.
506 2123 524 2184 2
547 2138 609 2185 non
638 2119 739 2186 denuo
770 2119 927 2200 sculptum
955 2124 1003 2184 est
1031 2138 1157 2195 nomen,
1186 2125 1243 2184 eu'r
1271 2118 1398 2183 tandem

170 2247 218 2295 νε.
236 2231 301 2295 6οῬ
339 2231 408 2297 Ηοο
429 2231 530 2312 ipsum
553 2230 707 2313 estquod
729 2231 884 2297 voluimus
908 2231 1130 2297 demonstrare.
1176 2230 1208 2294 Si
1235 2235 1322 2295 metu
1343 2248 1397 2294 no·

171 2357 248 2405 men
270 2339 347 2406 illud
370 2339 473 2408 denuo
494 2341 685 2423 insculptum
706 2347 790 2408 esset
812 2361 857 2407 vs.
874 2346 925 2421 60,
947 2347 1033 2407 certo
1055 2347 1129 2407 ante
1151 2341 1255 2406 omnia
1275 2340 1309 2405 in
1330 2341 1398 2423 ipso

171 2451 369 2533 praescripto
392 2455 448 2532 (νε.
468 2457 495 2517 l.
521 2454 552 2535 2)
576 2472 687 2517 nomen
709 2453 839 2518 rescribi
861 2452 1004 2518 debebat.
1050 2452 1113 2518 Sed
1141 2475 1185 2514 os.
1208 2453 1253 2517 60
1281 2456 1318 2517 ut
1346 2471 1399 2516 no-

171 2578 246 2626 men
270 2560 514 2646 ›Koppodelcouo
538 2564 640 2629 denuo
663 2562 858 2645 sculperetur
881 2563 997 2628 nullius
1020 2567 1145 2645 poterat
1165 2564 1316 2628 interesse
1338 2563 1400 2627 nisi

171 2670 241 2737 eius
284 2673 338 2752 qui
375 2671 614 2757 »Κορροὸείιονν
648 2672 851 2761 ἀγωνοθέτης
881 2675 925 2740 ibi
958 2675 1158 2756 praedicatur
1187 2668 1401 2758 (Ἀλέξανδρος

169 2780 371 2867 Αλεξάνδρου
387 2781 609 2868 Μαραθώνιος,
625 2785 680 2867 qui
702 2790 751 2850 est
772 2784 864 2865 lilius,
886 2791 923 2850 ut
941 2785 1075 2861 uidetur,
1097 2790 1253 2850 cosmetae
1268 2785 1400 2849 Alexan·

171 2891 222 2957 dri
251 2891 465 2975 Marathonii).
509 2894 541 2959 Is
569 2894 714 2959 nimirum
742 2913 836 2976 aegre
864 2894 968 2959 ferens
998 2896 1094 2977 quod·
1115 2895 1218 2960 deleto
1246 2894 1319 2961 festi
1347 2913 1399 2960 no·

169 3002 255 3067 mine
276 3005 396 3083 posteri
418 3004 545 3086 ephebi,
574 3006 699 3070 titulum
722 3005 754 3070 in
777 3007 938 3089 gymnasio
961 3007 1098 3086 positum
1118 3006 1245 3086 lecturi,
1277 3006 1400 3086 ignora-

172 3113 237 3177 turi
261 3118 367 3178 essent
388 3115 476 3179 cuius
497 3115 570 3180 festi
591 3116 658 3198 ipse
681 3114 793 3181 luisset
814 3117 1013 3197 agonotheta,
1035 3117 1119 3180 mala
1134 3117 1303 3182 ambitione
1318 3135 1399 3182 com·

171 3228 278 3288 motus
302 3225 404 3290 denuo
427 3224 629 3306 sculpendum
653 3229 775 3291 curavit
796 3227 874 3292 illud
898 3225 1152 3311 »Koppodelovc
1175 3228 1259 3307 quod
1290 3246 1326 3292 eo
1355 3226 1400 3292 fa-

171 3332 262 3399 cilius
284 3332 435 3416 perficere
456 3336 613 3417 potuerit,
635 3338 709 3419 quia
730 3337 829 3417 ipsius
853 3344 1009 3403 cosmetae
1031 3335 1113 3402 filius
1136 3343 1214 3402 erat.
1260 3338 1350 3416 Quod
1373 3338 1401 3402 si

171 3463 282 3510 verum
305 3449 363 3524 est,
386 3444 518 3510 efficitur
539 3445 627 3510 illum
640 3445 859 3528 Alexandrum,
882 3452 919 3511 ut
939 3453 1047 3529 posset
1068 3448 1144 3512 illud
1167 3446 1401 3513 rescribendum

174 3572 296 3633 curare,
320 3554 490 3620 etiamtunc
511 3556 543 3620 in
562 3556 731 3636 Diogeneio
753 3557 926 3639 gymnasio,
948 3557 980 3620 in
1003 3575 1064 3637 quo
1089 3558 1174 3622 tituli
1193 3558 1400 3638 ponebantur,

170 3668 334 3730 versatum
357 3682 427 3731 esse
447 3666 530 3731 inter
552 3667 697 3748 ephebos.
741 3667 833 3732 Unde
860 3667 1018 3750 colligitur
1047 3672 1079 3732 et
1106 3687 1142 3733 eo
1170 3674 1312 3748 tempore
1339 3686 1400 3750 quo

168 3773 284 3840 titulus
311 3776 488 3857 ponebatur
518 3777 701 3858 ephebicum
729 3796 846 3843 aunum
874 3778 1012 3843 nondum
1045 3784 1207 3858 peractum
1239 3778 1337 3844 luisse
1370 3783 1402 3844 et

170 3886 311 3951 medium
343 3886 375 3951 in
410 3886 559 3970 ephebiae
592 3907 709 3953 aunum
741 3889 887 3954 incidisse
917 3889 1077 3955 Commodi
1110 3896 1252 3957 mortem.
1304 3890 1402 3956 Periit

171 4002 280 4062 autem
303 3994 492 4063 Commodus
516 3997 595 4083 prid.
620 3997 747 4064 Calend.
771 3999 896 4065 Ianuar.
925 4019 953 4065 a.
978 4005 1053 4065 192:
1081 4001 1164 4081 quod
1193 4001 1241 4067 vel
1270 4001 1403 4066 maxime

170 4107 319 4188 congruit
340 4126 412 4172 cum
434 4109 480 4173 eis
502 4127 584 4189 quae
606 4107 749 4175 diximus.
794 4111 906 4190 Itaque
926 4111 1015 4176 initio
1038 4112 1179 4193 ephebici
1201 4110 1298 4191 anni‚¹
1326 4111 1402 4175 Boe-

241 4316 252 4346 ¹
277 4314 376 4366 Dixerit
399 4313 525 4380 quispiam
549 4304 619 4364 initio
643 4314 764 4380 ephebiae
787 4315 848 4365 anni
871 4313 983 4365 nondum
1006 4315 1119 4380 potuisse
1142 4316 1267 4367 celebrata
1290 4332 1346 4367 esse
1370 4316 1402 4367 ab

173 4402 280 4470 ephebis
298 4400 477 4460 Germanicos,
495 4399 622 4449 Antinoe'a
639 4399 764 4466 duplicia,
782 4400 917 4466 Epinicea,
935 4399 1103 4462 Commodes,
1120 4398 1186 4467 περὶ
1203 4398 1285 4466 ἀλκῆς
1302 4398 1402 4467 ἀγῶνα,

173 4504 239 4553 quae
256 4486 342 4538 omnia
359 4486 386 4535 in
403 4484 442 4536 tit.
465 4482 511 4534 illo
533 4492 716 4536 recenseantur.
752 4483 819 4536 Sane
842 4484 953 4550 quidem.
991 4484 1077 4547 Quid?
1100 4486 1136 4536 ita
1157 4503 1210 4538 rem
1231 4503 1262 4537 se
1283 4486 1404 4537 habuisse

172 4588 259 4624 nonne
276 4571 338 4623 licet
356 4569 473 4638 cogitare,
492 4576 520 4620 ut
537 4569 556 4620 ii
573 4571 617 4636 qui
633 4571 860 4638 gymnasiarchiam
878 4578 943 4623 certo
962 4571 1070 4637 quodam
1088 4588 1175 4624 mensa
1193 4571 1234 4624 rel
1250 4578 1404 4638 pervertunt
