3510 5304
879 419 1103 483 *64-

373 600 463 681 σίων,
486 603 598 671 deinde
619 603 727 671 multis
748 605 910 688 perpensis
933 624 970 672 eo
991 604 1121 672 inclinat
1142 610 1178 673 ut
1199 607 1337 673 Drusum
1359 607 1475 676 Tiberii
1503 605 1601 674 filium

373 715 535 800 intellegat
562 716 693 799 eiusque
719 734 833 784 nomen
860 716 943 783 inter
969 733 1016 783 vs.
1040 721 1060 782 3
1082 721 1115 783 et
1136 721 1157 782 4
1179 719 1329 786 excidisse
1350 723 1450 802 putet.
1495 720 1604 787 Potest

373 844 450 893 sane
471 828 517 893 ite
531 826 637 910 fnisse,
659 828 717 894 sed
736 828 835 895 levior
857 834 966 895 nostra
988 827 1164 895 emendatio
1186 828 1411 911 emendetur,
1434 850 1505 897 eum
1536 853 1604 894 πεν-

374 935 525 1002 τακοσίων
546 939 697 1004 intactum
719 939 933 1021 relinquamus
955 944 988 1006 et
1009 957 1066 1021 pro
1091 939 1224 1027 Τιβερίῳ
1245 941 1339 1007 scribi
1360 942 1491 1008 velimus
1509 942 1602 1005 Λοοκ.

373 1048 492 1136 lippet,
515 1049 600 1132 quod
620 1048 654 1114 in
675 1049 780 1132 tepide
796 1049 931 1116 fortasse
947 1050 1072 1119 difficile
1086 1052 1170 1121 lectu
1184 1058 1270 1118 etex
1284 1057 1375 1133 parte
1390 1052 1528 1120 deletum
1543 1058 1600 1118 est.

458 1161 554 1227 Hisce
576 1179 651 1243 ergo
673 1162 773 1228 titulis
794 1163 827 1228 in
849 1163 1002 1229 rationem
1025 1165 1145 1230 vocetis
1166 1164 1229 1229 iam
1251 1182 1314 1229 non
1336 1164 1446 1231 dubito
1461 1169 1603 1232 statuere

373 1271 596 1355 Philadelphea
617 1273 659 1338 ad
679 1273 738 1340 hos
759 1274 964 1357 imperatores
986 1279 1130 1358 spectare
1151 1274 1284 1355 ideoque
1305 1293 1367 1341 non
1390 1280 1463 1340 ante
1485 1294 1514 1340 a.
1544 1279 1601 1339 181

374 1402 405 1466 p.
429 1383 501 1451 Ohr.
525 1403 594 1450 esse
616 1384 772 1450 instituta.

462 1495 613 1562 Consulto
640 1497 802 1578 hucusque
828 1497 914 1563 tacui
943 1498 982 1563 de
1009 1495 1102 1563 titulo
1131 1495 1195 1563 Φιλ.
1212 1497 1266 1577 IV,
1296 1502 1430 1579 458,1,
1457 1498 1516 1563 sub
1538 1497 1604 1562 Ma·

374 1606 459 1673 trino
475 1606 625 1673 archonte
640 1630 670 1670 a.
689 1609 750 1673 116
764 1608 945 1691 composito,
961 1608 1050 1674 cuins
1065 1609 1097 1673 in
1112 1609 1235 1674 laterali
1250 1613 1341 1691 parte
1352 1610 1430 1675 hoec
1440 1608 1596 1691 legentum

833 1717 883 1805 τῷ
900 1714 1046 1805 Ἡρακλεῖ

833 1831 882 1893 καὶ
903 1828 1053 1917 εὐρύθμῳ

876 1940 907 2005 Γ
901 1941 1002 2028 ούρῳ.

835 2060 882 2138 τῷ
897 2049 1044 2137 Ἡρακλεῖ

832 2164 1051 2251 venetorum-

833 2297 920 2337 σοντι
943 2271 1049 2361 τρίτης

833 2386 957 2458 τάξεως
978 2385 1033 2447 πά·

834 2496 892 2583 λης
913 2495 994 2581 Aeto

659 2605 747 2671 Φιλα·
947 2602 1059 2670 Ἐπινε-
1268 2606 1324 2692 θή-

377 2723 416 2783 10
640 2717 761 2803 ὃέλφει·
976 2716 1036 2780 lxta
1111 2781 1115 2790 ,
1256 2739 1326 2821 oeta

681 2853 702 2892 a

631 2941 678 3003 καὶ
700 2939 814 3010 ἄλλους
835 2941 905 3004 πολ·

629 3051 712 3128 tous,
735 3050 792 3123 οὓς
813 3050 849 3114 οὐ
866 3074 929 3139 χω-

628 3162 719 3249 ρεῖὁ
743 3160 838 3232 τόπος

378 3281 417 3343 15
631 3272 656 3332 T

635 3384 664 3449 T·
796 3469 802 3479 .

461 3496 548 3575 Quae
569 3497 665 3564 verba
686 3496 756 3562 ideo
779 3494 927 3560 momenti
950 3498 1024 3560 sunt
1045 3493 1120 3577 quia
1141 3512 1187 3560 vs.
1211 3496 1229 3559 8
1258 3499 1532 3560 conmemorantur
1556 3492 1604 3558 Φι-

375 3606 555 3694 λοδέλφεια,
577 3627 658 3691 quae
680 3607 811 3690 proinde
839 3606 901 3670 iem
924 3624 952 3671 a.
978 3609 1038 3670 116
1060 3624 1091 3687 p.
1115 3603 1188 3670 Chr.
1216 3605 1373 3672 celebrata
1402 3622 1472 3689 esse
1499 3605 1605 3670 viden-

377 3724 440 3795 tur,
455 3723 493 3784 ut
506 3724 615 3785 nostra
630 3722 787 3785 sententia
800 3718 945 3785 videatur
959 3717 1095 3800 infringi.
1129 3717 1193 3784 Sed
1207 3717 1370 3797 quaeritur
1384 3716 1540 3798 quomodo
1556 3735 1605 3781 res

376 3849 411 3896 se
432 3830 557 3896 habeat.
602 3831 740 3897 Primum
764 3831 937 3896 notandum
959 3833 1009 3896 est
1029 3829 1148 3895 similes
1169 3833 1262 3894 notos
1283 3829 1400 3909 possim
1427 3828 1459 3892 in
1482 3828 1606 3910 ephebi·
1728 3894 1729 3915 ἶ

375 3941 420 4008 eis
444 3940 545 4006 titulis
567 3960 741 4021 occurrere,
763 3940 929 4022 inscriptos
951 3939 1114 4006 lateribus.
1161 3938 1242 4004 Sunt
1263 3943 1378 4020 antem,
1400 3944 1436 4004 nt
1459 3938 1522 4003 iem
1545 3936 1605 4003 Cu·

375 4050 527 4118 manudes
549 4049 604 4137 (ed
626 4052 675 4117 tit.
701 4048 764 4116 Φιλ.
786 4051 845 4132 111,
868 4055 939 4131 282,
964 4055 992 4116 2.
1015 4051 1074 4127 ΙΙΙ,
1096 4053 1167 4130 283,
1191 4050 1234 4133 3.)
1257 4055 1342 4116 reete
1359 4050 1539 4117 observavit
1558 4053 1603 4114 to·

376 4162 420 4229 lia
441 4181 504 4227 non
526 4161 649 4245 publice
670 4162 726 4227 sed
749 4180 872 4244 semper
897 4163 937 4228 ab
968 4162 1044 4244 ipsis
1072 4161 1200 4244 ephebis
1228 4162 1362 4242 scripta:
1394 4158 1530 4230 »τούτοις
1551 4160 1604 4243 (se.

376 4271 575 4358 ἐπιγραφὰς),
597 4272 643 4338 eit
665 4271 866 4338 Cumanudes
889 4272 944 4350 (od
965 4272 1023 4352 ΙΙΙ,
1046 4276 1119 4353 282,
1143 4275 1187 4347 2),
1218 4271 1264 4340 ὡς
1286 4271 1334 4334 καὶ
1355 4269 1394 4343 ἐξ
1421 4269 1523 4334 ἄλλων
1540 4267 1602 4355 Ἑρ·
1728 4260 1729 4343 f

373 4390 446 4468 μῶν
469 4380 577 4467 ἔγνων,
600 4381 744 4469 ἔγραφόν
767 4405 855 4461 τινες,
878 4383 924 4452 ὡς
946 4381 1096 4468 φαίνετον,
1122 4380 1187 4470 οὐχὶ
1208 4380 1383 4469 terminare,
1405 4376 1473 4444 ἀλλ’
1497 4379 1603 4445 lucente·

377 4502 443 4565 κῶς
463 4496 511 4558 καὶ
533 4491 738 4581 αὐθαιρέτως,
762 4493 810 4558 ἐπὶ
832 4496 895 4558 τῶν
909 4491 1036 4580 Ἑρμῶν
1059 4492 1094 4556 ἐκ
1116 4489 1306 4577 θοομαομοῦ
1329 4489 1409 4578 πρός
1424 4513 1509 4561 τινας
1520 4492 1602 4576 μάλα

379 4603 541 4693 ἀνδρείους
559 4607 620 4669 τῶν
636 4604 769 4694 ἐφήβων
782 4604 970 4690 κινούμενοι,
986 4603 1064 4675 ἴσως
1077 4603 1114 4668 δὲ
1129 4604 1177 4667 καὶ
1193 4601 1326 4690 κλέβὸην
1342 4602 1433 4664 τοῦτο
1449 4600 1600 4665 ἐποίουν(
1728 4656 1729 4683 ,
