3490 5296
871 389 1085 452 ..90-

366 576 562 658 οτοφορικῶν
584 569 682 660 ἐδόθη
705 606 746 620 -
770 574 815 643 εἰς
835 570 948 643 θυσίας
969 574 1047 659 ὑπὲρ
1071 576 1124 639 τοῦ
1147 574 1378 660 αὐτοκράτορος
1409 577 1465 662 τῆς
1489 573 1592 657 ὑγείας

366 684 415 747 καὶ
437 683 480 753 εἰς
503 682 644 753 σπονδάς
665 683 749 765 xri).
792 685 840 751 De
867 684 926 751 hoc
948 686 1103 768 gymnasii
1124 685 1246 753 aerario
1268 684 1375 751 videas
1405 703 1502 767 supra
1523 704 1591 768 pag.

366 798 407 860 49
430 811 497 876 sqq.

457 903 509 970 Vs.
535 907 584 972 13.
628 905 829 972 Pittukisium
860 925 970 973 revera
998 906 1158 989 inlepide
1186 907 1301 990 legisse
1331 929 1592 993 σοοτρεμμοτορ-

359 1016 503 1105 χῆσοντο
525 1035 587 1082 non
608 1034 736 1097 possum
758 1017 834 1082 mihi
855 1019 1055 1101 persuadere.
1101 1017 1295 1085 Crediderim
1324 1018 1370 1084 ita
1398 1036 1470 1084 eum
1491 1020 1526 1084 in
1548 1039 1592 1084 er-

365 1145 468 1193 rorem
489 1127 651 1192 inductum
674 1145 742 1194 esse
768 1134 804 1193 ut
825 1129 919 1194 versu
943 1136 978 1194 11
1011 1118 1290 1212 respecto'legens
1314 1177 1322 1195 .
1346 1181 1353 1195 .
1378 1181 1385 1197 .
1410 1175 1450 1196 .1.
1474 1153 1592 1217 ησοντο

363 1235 442 1303 illud
470 1238 670 1320 suppleverit.
709 1238 788 1303 'Nos
811 1258 849 1304 ex
873 1236 936 1305 Φιλ.
959 1239 1011 1304 ΙΙΙ
1032 1258 1062 1320 p.
1079 1240 1152 1321 444,
1178 1246 1192 1305 1
1219 1242 1277 1326 (vs.
1302 1239 1357 1325 35)
1379 1240 1590 1307 restituimus:

250 1335 252 1339 ’
364 1345 640 1437 ἐγυμνασιαρχὴῧη
668 1347 703 1418 ἐς
730 1348 768 1412 τὰ
800 1347 1001 1437 ἐνδεήσαντα.
1032 1386 1074 1400 -
1106 1349 1157 1414 Vs.
1191 1354 1238 1417 15.
1286 1352 1334 1417 De
1363 1351 1590 1434 Philadelphus

365 1458 404 1527 cf.
433 1479 505 1542 pag.
524 1464 564 1524 62
587 1478 653 1542 sqq.
675 1496 719 1507 -
748 1459 799 1524 Vs.
830 1463 878 1525 16.
925 1460 1082 1542 Scriptum
1103 1461 1238 1528 fortasse
1260 1462 1319 1527 fuit
1341 1463 1452 1543 ephebi
1468 1481 1589 1542 nomen,

364 1571 472 1637 addito
494 1571 629 1652 quodam
655 1571 836 1654 praedicato
859 1572 956 1638 veluti
979 1572 1168 1659 στρατηγός,
1199 1574 1301 1659 κῆρυξ
1321 1578 1389 1649 eet,
1413 1574 1498 1656 quod
1520 1573 1587 1638 aliis

364 1682 397 1746 in
420 1682 487 1748 eius
510 1683 633 1765 generis
655 1682 755 1748 titulis
778 1683 924 1750 cernitur.
969 1683 1007 1748 In
1028 1684 1131 1750 media
1154 1683 1302 1750 columna·
1318 1684 1468 1752 videntur
1483 1704 1585 1751 recen·

364 1793 417 1858 siti
438 1792 536 1859 fuisse
558 1792 780 1879 οωφρονιστοί,
802 1795 835 1859 in
857 1794 968 1861 dextra
989 1794 1123 1862 fortasse
1146 1792 1351 1878 ἀγωνοθέται.
