3510 5304
601 1413 925 1502 a’Aaeupaou'ocr

935 1436 1290 1534 lOflrrrrodruvrc'de}

267 1967 296 2028 4.
320 1961 542 2033 Λεωντίὸος

322 2093 555 2115 ········
600 2089 629 2148 8,
656 2081 811 2152 θῖνίὸος

270 2166 575 2252 5.Πτολεμαι’δθς

251 3189 331 3255 Cum
353 3189 575 3271 quadratarius
597 3190 733 3271 spatium
755 3209 868 3272 parum
890 3189 1039 3256 adcurate
1061 3188 1289 3266 distribuisset,
1314 3189 1393 3255 acci·

164 3302 210 3367 dit
231 3306 268 3367 ut
289 3301 375 3367 tribu
398 3300 583 3367 Antiochide
604 3301 761 3382 insculpta
782 3299 911 3367 ultimae
933 3300 1030 3366 tribui
1052 3298 1185 3366 Attalidi
1206 3299 1390 3366 scribendae

162 3412 250 3479 locus
271 3430 335 3478 non
348 3414 586 3495 relinqueretur,
608 3415 798 3498 impediente
812 3415 894 3482 scuti
914 3414 1070 3496 margine:
1093 3413 1239 3495 quocirca
1260 3411 1393 3493 sculpsit

162 3542 233 3589 eam
256 3528 365 3606 supter
386 3525 521 3590 mediam
543 3525 736 3606 columnam,
767 3526 821 3591 ubi
844 3525 980 3608 spatium
1002 3524 1152 3589 restabat.
1199 3523 1249 3589 Ita
1271 3540 1337 3588 rem
1358 3541 1393 3588 se

161 3634 279 3701 habere
306 3635 521 3717 unusquisque
548 3655 611 3703 uno
641 3638 756 3703 obtutu
785 3635 942 3718 perspicit.
987 3634 1138 3700 Inmerito
1167 3652 1242 3715 ergo
1271 3633 1393 3699 Rhuso·

162 3746 254 3827 pulos
276 3746 449 3812 Attalidem
470 3766 587 3813 nonum
608 3747 710 3813 locum
732 3747 776 3813 ibi
798 3747 940 3813 obtinere
962 3749 1078 3812 censet.
1119 3745 1206 3811 Idem
1228 3749 1393 3827 praeterea

161 3856 298 3923 alterum
318 3877 338 3924 a
359 3858 483 3942 vulgari
504 3859 724 3926 abhorrentem
746 3858 888 3924 tribuum
910 3857 1051 3923 ordinem
1073 3854 1193 3938 profert
1214 3874 1252 3921 ex
1278 3852 1342 3918 dci.
1367 3855 1393 3935 I,

164 3971 240 4051 5243
264 3968 340 4035 dicit
361 3970 442 4035 enim
464 3970 547 4036 hunc
568 3968 710 4036 ordinem
732 3968 778 4034 ibi
793 3968 942 4034 inveniri:
965 3967 1160 4047 Erechtheis,
1176 3966 1299 4049 hegeh,
1313 3966 1393 4030 Pan-

162 4077 280 4159 dionis,
307 4078 453 4159 Leontio,
476 4079 608 4160 Oeneis,
632 4077 795 4162 Cecropis,
816 4077 1057 4160 Hippothontis,
1089 4076 1291 4156 Ptolemaeis,
1315 4076 1393 4141 Aca-

160 4188 287 4267 mantis‚
310 4190 471 4274 Adrianis,
493 4191 641 4272 Aeantis,
662 4189 842 4270 Antiochis,
866 4189 990 4254 Attalis.
1037 4187 1100 4253 Sed
1128 4206 1168 4253 ne
1195 4187 1240 4255 ibi
1267 4186 1393 4270 quidem

161 4298 304 4365 ordinem
326 4301 489 4384 evulgari
512 4302 648 4368 alienum
671 4319 729 4383 ego
751 4300 840 4383 potui
866 4297 1116 4382 deprehendere:
1146 4297 1324 4363 continetur
1346 4297 1391 4362 ibi

161 4410 285 4478 duabus
308 4412 459 4478 columnis
490 4412 550 4500 (vs.
573 4411 729 4495 42-88)
745 4411 907 4494 catalogus
933 4409 1171 4476 Atheniensium
1201 4409 1393 4491 epheborum

161 4538 219 4602 per
243 4520 345 4588 tribus
359 4522 605 4606 ..dispositorum
628 4523 803 4590 columnaI
825 4521 1031 4602 conplectitur
1052 4525 1173 4604 septem
1195 4520 1316 4603 priores
1338 4520 1392 4585 tri-

162 4631 222 4698 bus
243 4632 319 4699 inde
340 4634 381 4701 ab
396 4632 606 4700 Erechtheide
628 4652 728 4715 usque
749 4633 790 4699 ad
807 4633 1018 4714 Adrianidem,
1041 4632 1164 4714 vulgari
1179 4630 1305 4714 ordine3
1324 4634 1392 4695 turn
