3510 5304
870 425 1081 486 ,60-

358 609 386 672 ot
414 606 617 672 ὑπόλοιποι
659 644 703 657 -
746 606 911 695 ἕφηβοιε
942 613 1092 674 secuntur
1124 610 1234 690 ephebi
1265 612 1452 692 partribus
1486 612 1586 694 dispo·

358 719 436 796 siti.)
459 756 503 767 -
524 719 666 800 Denique
694 719 733 785 de
762 719 811 785 tit.
842 717 878 784 C.
901 719 927 783 I.
952 723 1023 799 248,
1051 719 1105 800 qui
1129 739 1210 785 unus
1236 726 1352 797 restat,
1380 721 1586 788 demonstrari

356 831 428 897 ideo
450 850 512 896 non
533 835 639 913 potest
661 831 736 915 quia
758 831 801 896 ibi
822 850 925 913 neque
946 830 1139 911 epheborum
1162 832 1324 914 catalogus
1347 831 1513 898 exhibetur
1535 853 1585 899 ne-

357 960 420 1024 que
441 942 520 1007 satis
542 942 718 1024 argumenti
740 942 924 1025 praebetur3
948 960 1139 1025 quamquam
1161 941 1319 1009 velillum
1342 945 1388 1022 (in
1410 945 1445 1011 C.
1468 945 1493 1010 Ι.
1510 949 1585 1023 248)

358 1053 581 1136 agonothetam
603 1073 642 1119 ex
663 1052 854 1135 epheborum
869 1066 1006 1119 ‘numero
1028 1072 1097 1120 esse
1120 1073 1158 1120 ex
1180 1054 1225 1120 eis
1247 1072 1328 1135 quae
1344 1055 1508 1122 attulimus
1524 1060 1585 1120 sta·

359 1164 417 1230 tim
454 1168 580 1246 oportet
611 1164 723 1247 colligi.
774 1165 887 1246 Itaque
919 1183 991 1230 eum
1024 1184 1065 1231 ne
1091 1182 1173 1230 unus
1205 1166 1331 1247 quidem
1351 1170 1448 1232 'extet
1477 1166 1587 1231 titulus

358 1275 413 1359 qui
438 1275 523 1340 aliud
546 1275 687 1355 suadeat,
708 1293 771 1340 non
793 1276 902 1340 dubito
924 1293 981 1357 pro
1003 1280 1090 1341 certo
1112 1277 1215 1343 dicere
1238 1278 1416 1360 quicunque
1438 1278 1471 1343 in
1493 1277 1587 1360 ephe·

359 1387 436 1454 bicis
464 1386 567 1451 titulis
593 1386 817 1469 imperatorum
848 1391 952 1452 aetate
985 1386 1195 1468 agonothetae
1228 1388 1502 1471 deprehendantur
1535 1408 1588 1455 eos

360 1496 650 1579 semperephebos
679 1515 748 1563 esse
778 1497 949 1563 habendos.
992 1498 1128 1565 Proinde
1155 1499 1182 1564 si
1210 1501 1242 1565 in
1269 1518 1332 1583 quo
1361 1501 1453 1567 titulo
1475 1520 1588 1583 agone

361 1610 470 1675 thetae
492 1608 710 1685 inveniuntur,
738 1608 888 1675 adcurate
909 1627 1010 1690 usque
1040 1609 1296 1695 distinguendum
1324 1617 1357 1678 et
1377 1613 1589 1695 quaerendum

358 1720 421 1786 erit
442 1725 548 1786 utrum
569 1719 634 1784 sint
654 1720 770 1802 publici
798 1740 839 1786 an
867 1721 1018 1805 ephebici.
1062 1722 1172 1790 Libuit
1201 1723 1330 1806 ephebis
1358 1724 1453 1789 etiam
1474 1724 1534 1790 hac
1556 1725 1588 1789 in

358 1831 539 1914 republica
561 1832 708 1897 instituta
728 1831 856 1897 imitari.
900 1833 1095 1916 Quamquam
1117 1834 1249 1900 similem
1271 1836 1334 1900 vim
1361 1834 1500 1902 habebat
1520 1836 1589 1901 siue

359 1943 454 2010 dubio
488 1942 639 2023 ephebica
667 1942 872 2025 agonothesia
900 1961 937 2009 ao
958 1944 1093 2027 publica.
1147 1943 1372 2011 Gravissimum
1405 1945 1487 2012 enim
1521 1946 1589 2011 eius

358 2061 482 2139 partem
502 2055 535 2121 in
558 2056 734 2139 sumptibus
757 2057 945 2137 quibusdam
966 2056 1117 2123 faciendis
1147 2057 1187 2124 ad
1213 2056 1304 2123 ludos
1326 2057 1487 2140 gymnicos
1511 2057 1589 2124 cele·

286 2244 288 2249 ¹
359 2167 498 2235 brandea
519 2168 654 2252 positam
676 2167 989 2251 inisseintellegitur
1010 2187 1049 2234 ex
1071 2169 1287 2251 conpluribuS,
1310 2168 1407 2234 veluti
1428 2168 1463 2234 in
1485 2166 1551 2232 dcl.
1574 2169 1589 2234 1

358 2299 389 2363 p.
415 2283 486 2356 522,
511 2283 530 2344 7
553 2297 598 2345 vs,
622 2284 664 2345 40
685 2277 816 2361 legitur:
839 2277 870 2342 F
865 2277 1042 2364 ερμανίκεια
1065 2280 1094 2343 οἳ
1116 2277 1241 2368 ἔφηβοι,
1264 2280 1347 2362 quod
1371 2278 1528 2363 significat
1549 2281 1588 2347 ab

360 2389 504 2456 omnibus
524 2390 652 2472 ephebis
675 2393 819 2473 sumptus
841 2391 882 2456 ad
904 2389 1112 2457 Germanicea
1140 2390 1327 2457 celebranda
1354 2409 1423 2460 esse
1444 2396 1588 2475 paratos3

357 2508 522 2585 praeterea
544 2506 653 2568 nostra
675 2502 708 2567 in
729 2502 932 2586 inscriptione
954 2502 1102 2570 scribitur
1119 2498 1265 2591 Ἀθήναια
1293 2501 1329 2566 ἐκ
1349 2511 1412 2566 τῶν
1435 2502 1588 2586 aestuare-

359 2610 518 2700 φορικῶν;
541 2613 652 2679 similis
671 2617 747 2680 nota
769 2617 818 2680 est
839 2613 872 2679 in
895 2611 958 2678 dcl.
983 2613 1041 2694 ΙΙΙ,
1066 2618 1137 2690 553,
1161 2618 1190 2690 2,
1213 2613 1333 2677 ἐκτῶν
1356 2614 1587 2700 σεβασταφσρι·

361 2722 427 2789 κῶν
449 2763 491 2774 -
514 2725 639 2807 ἀγῶνες
653 2724 751 2813 θῆσια
773 2720 964 2788 καὶἈθοίαεα
987 2730 1043 2802 (ec.
1060 2723 1341 2812 ἐπετελέσθησαν);
1367 2724 1476 2808 quales
1497 2729 1590 2791 notae

359 2837 405 2903 eis
426 2835 619 2902 sollennibus
642 2835 778 2901 adscribi
800 2835 902 2900 solent
923 2835 1038 2917 quibus
1060 2835 1251 2918 agonotheta
1273 2836 1372 2903 deest.
1410 2836 1468 2902 His
1491 2838 1590 2902 omni·

358 2948 419 3014 bus
440 2947 639 3030 perspicuum
661 2945 697 3012 fit
718 2947 751 3012 in
773 2946 950 3026 sumptibus
972 2964 1127 3012 summam
1149 2947 1199 3013 vel
1221 2965 1344 3013 omnem
1368 2946 1589 3031 agonothesiae

359 3058 527 3142 ephebicae
548 3063 672 3139 partem
693 3058 881 3123 constitisse.
925 3058 1095 3124 Praeterea
1116 3058 1178 3124 huc
1200 3076 1311 3125 revoco
1335 3057 1370 3124 G.
1390 3058 1415 3123 Ι.
1439 3063 1511 3135 248,
1535 3059 1589 3125 ubi

356 3172 396 3237 de
418 3169 608 3253 agonotheta
637 3168 773 3249 quodam
800 3168 1010 3251 praedicatur,
1035 3166 1211 3232 »ἀέθλοισιν
1239 3167 1421 3258 ἐπασκήσας
1441 3170 1489 3232 καὶ
1513 3168 1588 3258 ἐφή-

354 3280 502 3372 flandr
549 3280 642 3346 Unde
674 3280 785 3362 colligo
815 3278 865 3345 rel
893 3280 927 3344 id
954 3267 1214 3361 agonothetarum
1244 3279 1340 3347 luisse
1367 3280 1588 3364 ephebicorum

355 3399 392 3459 ut
414 3390 585 3458 victoribus
600 3390 727 3473 ephebis
744 3391 884 3471 praemia
900 3390 1056 3473 quaedam
1078 3397 1297 3473 proponerent.
1334 3394 1478 3474 Denique
1502 3397 1588 3459 certa

355 3504 510 3589 quaedam
539 3503 691 3570 sollennia
717 3507 845 3584 praeter
874 3508 979 3570 cetera
1007 3493 1136 3585 magnos
1158 3509 1303 3587 sumptus
1330 3503 1588 3585 desideraverint,

355 3617 460 3698 qualia
487 3621 562 3682 sunt
590 3613 656 3681 iere
678 3612 881 3700 Γερμανίιειιι
899 3609 1044 3703 Ἀθήναια
1068 3612 1201 3702 dejesta,
1231 3614 1347 3697 quippe
1376 3634 1510 3697 quorum
1536 3616 1590 3681 illa

354 3729 462 3812 priora
483 3727 532 3795 bis
554 3728 594 3793 ab
616 3727 760 3794 omnibus
782 3725 912 3808 ephebis
927 3723 1132 3792 conficiantur
1154 3723 1232 3803 (Φιλ.
1250 3725 1276 3806 Ι,
1292 3730 1364 3805 522,
1381 3731 1409 3791 7.
1442 3725 1500 3802 IV,
1519 3731 1590 3804 344,

356 3844 399 3921 2),
421 3843 531 3906 nostra
559 3839 592 3904 in
614 3838 817 3920 inscriptione
844 3838 1036 3920 agonotheta
1062 3837 1155 3920 plane
1184 3841 1326 3921 careant3
1354 3838 1589 3904 Athenaeorum

355 3955 462 4018 autem
483 3954 628 4032 sumptus
650 3949 682 4014 in
707 3946 771 4014 Φιλ.
793 3949 850 4028 ΠΙ,
876 3949 947 4030 553,
971 3954 990 4015 3
1012 3953 1046 4016 et
1066 3954 1176 4015 nostra
1196 3949 1229 4014 in
1248 3948 1451 4030 inscriptione
1473 3947 1588 4013 ἐκτῶν

355 4063 646 4148 σεβαστσφορικῶν,
669 4060 702 4125 in
725 4056 789 4127 aa
806 4060 860 4143 IV,
878 4066 951 4135 344,
968 4065 986 4127 3
1009 4062 1049 4127 ab
1071 4060 1139 4143 ipso
1162 4065 1301 4127 cosmeta
1321 4058 1419 4145 fiant3
1439 4060 1585 4128 Theseiu-

425 4287 433 4318 ¹
451 4285 597 4338 Boeclrhiue
618 4286 651 4337 ed
675 4285 701 4336 h.
718 4292 736 4336 t
760 4285 838 4337 verbe
855 4283 892 4335 eie
909 4283 1027 4351 explicet,
1054 4281 1130 4346 „oiim
1148 4281 1223 4335 etiem
1247 4282 1407 4351 paedotribee
1430 4282 1507 4336 inerit
1530 4284 1586 4351 (ille

354 4372 528 4441 monothetalz
546 4382 599 4424 tum
616 4371 729 4439 ephebos
747 4367 916 4423 excreuerat.“
952 4368 1005 4421 Sed
1022 4385 1079 4420 cum
1097 4370 1249 4436 agonotheta
1267 4368 1312 4420 ille
1330 4369 1444 4437 ephebus
1461 4369 1495 4421 eit
1513 4386 1584 4437 opor·

354 4467 416 4520 teat,
434 4458 466 4510 de
483 4474 514 4510 eo
531 4457 576 4525 qui
591 4465 668 4509 antee
684 4456 831 4525 paedotriba
847 4455 923 4508 fuerit
940 4472 1043 4523 prorsus
1060 4472 1111 4506 non
1129 4463 1213 4524 potest
1231 4455 1342 4522 cogitari.
1377 4456 1467 4521 Itaque
1484 4457 1588 4507 verbum

355 4543 482 4596 ἐπασκεῖν
501 4543 536 4596 ibi
553 4560 604 4596 non
621 4542 796 4596 exercendi
813 4541 925 4608 notione,
943 4548 972 4592 ut
989 4540 1132 4595 Boeckbiue
1150 4541 1211 4605 vult,
1230 4541 1276 4595 eed
1299 4541 1485 4597 exornandi
1508 4541 1533 4592 vi
1550 4540 1587 4596 iu·

356 4630 528 4706 tellegendum
545 4647 602 4683 esee
620 4630 682 4688 mihi
699 4629 806 4686 ridetur.
