<?xml version="1.0" encoding="UTF-8"?>
<!DOCTYPE html PUBLIC "-//W3C//DTD XHTML 1.0 Transitional//EN"
    "http://www.w3.org/TR/xhtml1/DTD/xhtml1-transitional.dtd">
<html xmlns="http://www.w3.org/1999/xhtml" xml:lang="en" lang="en">
 <head>
  <title>
</title>
<meta http-equiv="Content-Type" content="text/html;charset=utf-8" />
  <meta name='ocr-system' content='tesseract 3.04.00' />
  <meta name='ocr-capabilities' content='ocr_page ocr_carea ocr_par ocr_line ocrx_word'/>
</head>
<body>
  <div class='ocr_page' id='page_1' title='image "./commentationese01neubgoog_0037.png"; bbox 0 0 3510 5304; ppageno 0'>
   <div class='ocr_carea' id='block_1_1' title="bbox 871 408 1084 477">
    <p class='ocr_par' dir='ltr' id='par_1_1' title="bbox 871 408 1084 477">
     <span class='ocr_line' id='line_1_1' title="bbox 871 408 1084 477; baseline 0.005 -20"><span class='ocrx_word' id='word_1_1' title='bbox 871 408 1084 477; x_wconf 67' lang='lat' dir='ltr'>..pc-</span> 
     </span>
    </p>
   </div>
   <div class='ocr_carea' id='block_1_2' title="bbox 364 589 1598 1125">
    <p class='ocr_par' dir='ltr' id='par_1_2' title="bbox 364 589 1598 1125">
     <span class='ocr_line' id='line_1_2' title="bbox 365 589 1595 682; baseline 0.006 -26"><span class='ocrx_word' id='word_1_2' title='bbox 365 595 543 673; x_wconf 88' lang='lat' dir='ltr'>ocourrunt,</span> <span class='ocrx_word' id='word_1_3' title='bbox 557 589 686 663; x_wconf 77' lang='grc' dir='ltr'><em>Λεύκιος</em></span> <span class='ocrx_word' id='word_1_4' title='bbox 700 595 733 659; x_wconf 91' lang='lat' dir='ltr'>et</span> <span class='ocrx_word' id='word_1_5' title='bbox 753 591 942 682; x_wconf 70' lang='grc' dir='ltr'>Ἐπίκτητος,</span> <span class='ocrx_word' id='word_1_6' title='bbox 964 612 1099 678; x_wconf 89' lang='lat' dir='ltr'>quorum</span> <span class='ocrx_word' id='word_1_7' title='bbox 1119 594 1173 661; x_wconf 91' lang='lat' dir='ltr'>ille</span> <span class='ocrx_word' id='word_1_8' title='bbox 1188 594 1350 663; x_wconf 91' lang='lat' dir='ltr'>minimum</span> <span class='ocrx_word' id='word_1_9' title='bbox 1364 600 1440 675; x_wconf 84' lang='lat' dir='ltr'>tres,</span> <span class='ocrx_word' id='word_1_10' title='bbox 1462 596 1514 665; x_wconf 92' lang='lat' dir='ltr'>lric</span> <span class='ocrx_word' id='word_1_11' title='bbox 1531 597 1595 663; x_wconf 88' lang='lat' dir='ltr'>mi·</span> 
     </span>
     <span class='ocr_line' id='line_1_3' title="bbox 364 703 1596 790; baseline 0.006 -21"><span class='ocrx_word' id='word_1_12' title='bbox 364 703 484 769; x_wconf 93' lang='lat' dir='ltr'>nimum</span> <span class='ocrx_word' id='word_1_13' title='bbox 504 703 647 770; x_wconf 79' lang='lat' dir='ltr'><strong>undecim</strong></span> <span class='ocrx_word' id='word_1_14' title='bbox 669 721 768 771; x_wconf 92' lang='lat' dir='ltr'>annos</span> <span class='ocrx_word' id='word_1_15' title='bbox 790 705 822 770; x_wconf 94' lang='lat' dir='ltr'>in</span> <span class='ocrx_word' id='word_1_16' title='bbox 849 723 980 773; x_wconf 87' lang='lat' dir='ltr'>munere</span> <span class='ocrx_word' id='word_1_17' title='bbox 1006 704 1075 773; x_wconf 80' lang='lat' dir='ltr'>fuit</span> <span class='ocrx_word' id='word_1_18' title='bbox 1129 707 1171 771; x_wconf 89' lang='lat' dir='ltr'>Et</span> <span class='ocrx_word' id='word_1_19' title='bbox 1203 707 1362 790; x_wconf 85' lang='lat' dir='ltr'>proximus</span> <span class='ocrx_word' id='word_1_20' title='bbox 1395 707 1523 790; x_wconf 90' lang='lat' dir='ltr'>quidem</span> <span class='ocrx_word' id='word_1_21' title='bbox 1559 708 1596 775; x_wconf 89' lang='lat' dir='ltr'>in</span> 
     </span>
     <span class='ocr_line' id='line_1_4' title="bbox 365 813 1598 898; baseline -0.002 -16"><span class='ocrx_word' id='word_1_22' title='bbox 365 813 568 898; x_wconf 76' lang='lat' dir='ltr'>paedotribae</span> <span class='ocrx_word' id='word_1_23' title='bbox 588 833 703 882; x_wconf 89' lang='lat' dir='ltr'>munus</span> <span class='ocrx_word' id='word_1_24' title='bbox 718 816 897 883; x_wconf 79' lang='lat' dir='ltr'><strong>Abascanto</strong></span> <span class='ocrx_word' id='word_1_25' title='bbox 919 816 1045 883; x_wconf 84' lang='lat' dir='ltr'>ridetur</span> <span class='ocrx_word' id='word_1_26' title='bbox 1066 817 1254 884; x_wconf 82' lang='lat' dir='ltr'>successisse</span> <span class='ocrx_word' id='word_1_27' title='bbox 1275 816 1403 888; x_wconf 70' lang='lat' dir='ltr'>deducor</span> <span class='ocrx_word' id='word_1_28' title='bbox 1416 817 1549 882; x_wconf 79' lang='grc' dir='ltr'><em>Λευκίου</em></span> <span class='ocrx_word' id='word_1_29' title='bbox 1574 819 1598 880; x_wconf 88' lang='lat'>0‘</span> 
     </span>
     <span class='ocr_line' id='line_1_5' title="bbox 366 922 1597 1012; baseline 0.004 -23"><span class='ocrx_word' id='word_1_30' title='bbox 366 927 415 989; x_wconf 79' lang='lat' dir='ltr'>rai</span> <span class='ocrx_word' id='word_1_31' title='bbox 434 924 571 1012; x_wconf 75' lang='grc' dir='ltr'><em>Μάρκος</em></span> <span class='ocrx_word' id='word_1_32' title='bbox 591 922 819 1011; x_wconf 71' lang='grc' dir='ltr'><em>Μαραθώνιος,</em></span> <span class='ocrx_word' id='word_1_33' title='bbox 847 926 903 1007; x_wconf 86' lang='lat' dir='ltr'>qui</span> <span class='ocrx_word' id='word_1_34' title='bbox 934 926 968 993; x_wconf 85' lang='lat' dir='ltr'>in</span> <span class='ocrx_word' id='word_1_35' title='bbox 989 928 1038 994; x_wconf 83' lang='lat' dir='ltr'>ut.</span> <span class='ocrx_word' id='word_1_36' title='bbox 1063 925 1127 991; x_wconf 69' lang='lat' dir='ltr'>del.</span> <span class='ocrx_word' id='word_1_37' title='bbox 1149 928 1204 1008; x_wconf 86' lang='lat' dir='ltr'>lv,</span> <span class='ocrx_word' id='word_1_38' title='bbox 1240 932 1311 1009; x_wconf 82' lang='lat' dir='ltr'>les,</span> <span class='ocrx_word' id='word_1_39' title='bbox 1334 934 1352 993; x_wconf 84' lang='grc'>2</span> <span class='ocrx_word' id='word_1_40' title='bbox 1376 929 1506 1010; x_wconf 83' lang='lat' dir='ltr'>(archon</span> <span class='ocrx_word' id='word_1_41' title='bbox 1542 933 1597 996; x_wconf 75' lang='lat' dir='ltr'>eat</span> 
     </span>
     <span class='ocr_line' id='line_1_6' title="bbox 366 1033 1596 1125; baseline 0.005 -26"><span class='ocrx_word' id='word_1_42' title='bbox 366 1035 494 1124; x_wconf 76' lang='grc' dir='ltr'><em>Βιήσιος</em></span> <span class='ocrx_word' id='word_1_43' title='bbox 512 1033 636 1099; x_wconf 85' lang='grc' dir='ltr'><em>Πείσων</em></span> <span class='ocrx_word' id='word_1_44' title='bbox 669 1033 833 1112; x_wconf 84' lang='grc' dir='ltr'><em>Μελιτεύς,</em></span> <span class='ocrx_word' id='word_1_45' title='bbox 867 1043 1005 1104; x_wconf 83' lang='lat' dir='ltr'>cosmeta</span> <span class='ocrx_word' id='word_1_46' title='bbox 1031 1036 1105 1125; x_wconf 75' lang='grc' dir='ltr'>Αὖρ.</span> <span class='ocrx_word' id='word_1_47' title='bbox 1130 1036 1230 1103; x_wconf 78' lang='grc' dir='ltr'><em>Φίλων</em></span> <span class='ocrx_word' id='word_1_48' title='bbox 1251 1037 1427 1125; x_wconf 80' lang='grc' dir='ltr'><em>Πειραιεὺς)</em></span> <span class='ocrx_word' id='word_1_49' title='bbox 1460 1039 1596 1105; x_wconf 83' lang='lat' dir='ltr'>tertium</span> 
     </span>
    </p>
   </div>
   <div class='ocr_carea' id='block_1_3' title="bbox 366 1128 1730 1232">
    <p class='ocr_par' dir='ltr' id='par_1_3' title="bbox 366 1128 1730 1232">
     <span class='ocr_line' id='line_1_7' title="bbox 366 1128 1730 1232; baseline 0.003 -20"><span class='ocrx_word' id='word_1_50' title='bbox 366 1164 483 1212; x_wconf 90' lang='lat' dir='ltr'>annum</span> <span class='ocrx_word' id='word_1_51' title='bbox 504 1144 639 1212; x_wconf 91' lang='lat' dir='ltr'>officium</span> <span class='ocrx_word' id='word_1_52' title='bbox 661 1144 867 1212; x_wconf 79' lang='lat' dir='ltr'>administrat.</span> <span class='ocrx_word' id='word_1_53' title='bbox 902 1147 1007 1231; x_wconf 87' lang='lat' dir='ltr'>Atque</span> <span class='ocrx_word' id='word_1_54' title='bbox 1027 1149 1154 1214; x_wconf 92' lang='lat' dir='ltr'>omnino</span> <span class='ocrx_word' id='word_1_55' title='bbox 1176 1154 1250 1232; x_wconf 92' lang='lat' dir='ltr'>post</span> <span class='ocrx_word' id='word_1_56' title='bbox 1270 1150 1485 1216; x_wconf 85' lang='lat' dir='ltr'>Abascantum</span> <span class='ocrx_word' id='word_1_57' title='bbox 1506 1150 1596 1216; x_wconf 89' lang='lat' dir='ltr'>hunc</span> <span class='ocrx_word' id='word_1_58' title='bbox 1729 1128 1730 1137; x_wconf 8' lang='grc' dir='ltr'>ἵ</span> 
     </span>
    </p>
   </div>
   <div class='ocr_carea' id='block_1_4' title="bbox 365 1255 1596 1346">
    <p class='ocr_par' dir='ltr' id='par_1_4' title="bbox 365 1255 1596 1346">
     <span class='ocr_line' id='line_1_8' title="bbox 365 1255 1596 1346; baseline 0.005 -26"><span class='ocrx_word' id='word_1_59' title='bbox 365 1255 582 1340; x_wconf 72' lang='lat' dir='ltr'>paedotribam</span> <span class='ocrx_word' id='word_1_60' title='bbox 608 1274 739 1323; x_wconf 90' lang='lat' dir='ltr'>munere</span> <span class='ocrx_word' id='word_1_61' title='bbox 765 1255 908 1324; x_wconf 86' lang='lat' dir='ltr'>functum</span> <span class='ocrx_word' id='word_1_62' title='bbox 929 1274 1000 1325; x_wconf 88' lang='lat' dir='ltr'>esse</span> <span class='ocrx_word' id='word_1_63' title='bbox 1021 1258 1134 1326; x_wconf 83' lang='lat' dir='ltr'>docent</span> <span class='ocrx_word' id='word_1_64' title='bbox 1156 1259 1307 1329; x_wconf 89' lang='lat' dir='ltr'>sollennia</span> <span class='ocrx_word' id='word_1_65' title='bbox 1329 1257 1537 1346; x_wconf 68' lang='grc' dir='ltr'>Φιλαδέλφειαν</span> <span class='ocrx_word' id='word_1_66' title='bbox 1559 1260 1596 1326; x_wconf 94' lang='lat' dir='ltr'>in</span> 
     </span>
    </p>
   </div>
   <div class='ocr_carea' id='block_1_5' title="bbox 366 1366 1731 1452">
    <p class='ocr_par' dir='ltr' id='par_1_5' title="bbox 366 1366 1731 1452">
     <span class='ocr_line' id='line_1_9' title="bbox 366 1366 1731 1452; baseline 0.004 -19"><span class='ocrx_word' id='word_1_67' title='bbox 366 1366 543 1433; x_wconf 88' lang='lat' dir='ltr'>Philistoris</span> <span class='ocrx_word' id='word_1_68' title='bbox 554 1366 646 1433; x_wconf 92' lang='lat' dir='ltr'>titulo</span> <span class='ocrx_word' id='word_1_69' title='bbox 655 1367 804 1447; x_wconf 69' lang='lat' dir='ltr'>(lurss,</span> <span class='ocrx_word' id='word_1_70' title='bbox 814 1368 1135 1452; x_wconf 83' lang='lat' dir='ltr'>2)memorata;quae</span> <span class='ocrx_word' id='word_1_71' title='bbox 1145 1369 1304 1437; x_wconf 90' lang='lat' dir='ltr'>inAurelii</span> <span class='ocrx_word' id='word_1_72' title='bbox 1313 1375 1345 1437; x_wconf 90' lang='lat' dir='ltr'>et</span> <span class='ocrx_word' id='word_1_73' title='bbox 1353 1368 1427 1437; x_wconf 85' lang='lat' dir='ltr'>Veri</span> <span class='ocrx_word' id='word_1_74' title='bbox 1441 1370 1597 1438; x_wconf 75' lang='lat' dir='ltr'>honorem</span> <span class='ocrx_word' id='word_1_75' title='bbox 1730 1376 1731 1403; x_wconf 71' lang='lat'><em>²</em></span> 
     </span>
    </p>
   </div>
   <div class='ocr_carea' id='block_1_6' title="bbox 366 1475 1596 1563">
    <p class='ocr_par' dir='ltr' id='par_1_6' title="bbox 366 1475 1596 1563">
     <span class='ocr_line' id='line_1_10' title="bbox 366 1475 1596 1563; baseline 0.004 -21"><span class='ocrx_word' id='word_1_76' title='bbox 366 1477 512 1544; x_wconf 86' lang='lat' dir='ltr'>instituta</span> <span class='ocrx_word' id='word_1_77' title='bbox 522 1494 593 1545; x_wconf 90' lang='lat' dir='ltr'>esse</span> <span class='ocrx_word' id='word_1_78' title='bbox 602 1475 685 1544; x_wconf 90' lang='lat' dir='ltr'>inlra</span> <span class='ocrx_word' id='word_1_79' title='bbox 696 1477 877 1545; x_wconf 82' lang='lat' dir='ltr'>docebimus</span> <span class='ocrx_word' id='word_1_80' title='bbox 891 1478 944 1556; x_wconf 89' lang='lat' dir='ltr'>(cf.</span> <span class='ocrx_word' id='word_1_81' title='bbox 956 1477 1034 1561; x_wconf 82' lang='lat' dir='ltr'>Gap.</span> <span class='ocrx_word' id='word_1_82' title='bbox 1044 1479 1106 1563; x_wconf 85' lang='lat' dir='ltr'>II);</span> <span class='ocrx_word' id='word_1_83' title='bbox 1121 1479 1230 1561; x_wconf 82' lang='lat' dir='ltr'>itaque</span> <span class='ocrx_word' id='word_1_84' title='bbox 1240 1497 1312 1546; x_wconf 90' lang='lat' dir='ltr'>oum</span> <span class='ocrx_word' id='word_1_85' title='bbox 1323 1486 1410 1547; x_wconf 88' lang='lat' dir='ltr'>certo</span> <span class='ocrx_word' id='word_1_86' title='bbox 1420 1481 1462 1546; x_wconf 88' lang='lat' dir='ltr'>ad</span> <span class='ocrx_word' id='word_1_87' title='bbox 1473 1499 1596 1547; x_wconf 88' lang='lat' dir='ltr'>annum</span> 
     </span>
    </p>
   </div>
   <div class='ocr_carea' id='block_1_7' title="bbox 368 1589 1732 1675">
    <p class='ocr_par' dir='ltr' id='par_1_7' title="bbox 368 1589 1732 1675">
     <span class='ocr_line' id='line_1_11' title="bbox 368 1589 1732 1675; baseline 0 -21"><span class='ocrx_word' id='word_1_88' title='bbox 368 1594 426 1655; x_wconf 88' lang='lat'>171</span> <span class='ocrx_word' id='word_1_89' title='bbox 449 1589 646 1656; x_wconf 82' lang='lat' dir='ltr'>Abascantos</span> <span class='ocrx_word' id='word_1_90' title='bbox 668 1590 736 1672; x_wconf 90' lang='lat' dir='ltr'>ipsc</span> <span class='ocrx_word' id='word_1_91' title='bbox 756 1589 819 1655; x_wconf 91' lang='lat' dir='ltr'>iam</span> <span class='ocrx_word' id='word_1_92' title='bbox 841 1590 875 1655; x_wconf 91' lang='lat' dir='ltr'>in</span> <span class='ocrx_word' id='word_1_93' title='bbox 896 1608 1026 1657; x_wconf 89' lang='lat' dir='ltr'>munere</span> <span class='ocrx_word' id='word_1_94' title='bbox 1040 1594 1133 1672; x_wconf 88' lang='lat' dir='ltr'>esset,</span> <span class='ocrx_word' id='word_1_95' title='bbox 1155 1589 1290 1656; x_wconf 89' lang='lat' dir='ltr'>Leuoius</span> <span class='ocrx_word' id='word_1_96' title='bbox 1311 1595 1462 1657; x_wconf 87' lang='lat' dir='ltr'>nonanta</span> <span class='ocrx_word' id='word_1_97' title='bbox 1483 1608 1512 1657; x_wconf 79' lang='lat' dir='ltr'>a,</span> <span class='ocrx_word' id='word_1_98' title='bbox 1530 1592 1594 1656; x_wconf 78' lang='lat'>171</span> <span class='ocrx_word' id='word_1_99' title='bbox 1731 1628 1732 1675; x_wconf 78' lang='grc'>,</span> 
     </span>
    </p>
   </div>
   <div class='ocr_carea' id='block_1_8' title="bbox 366 1691 1596 1785">
    <p class='ocr_par' dir='ltr' id='par_1_8' title="bbox 366 1691 1596 1785">
     <span class='ocr_line' id='line_1_12' title="bbox 366 1691 1596 1785; baseline 0.002 -18"><span class='ocrx_word' id='word_1_100' title='bbox 366 1700 552 1783; x_wconf 86' lang='lat' dir='ltr'>paedotriba</span> <span class='ocrx_word' id='word_1_101' title='bbox 572 1698 641 1767; x_wconf 89' lang='lat' dir='ltr'>fuit.</span> <span class='ocrx_word' id='word_1_102' title='bbox 682 1700 852 1767; x_wconf 89' lang='lat' dir='ltr'>Praeterea</span> <span class='ocrx_word' id='word_1_103' title='bbox 871 1701 906 1766; x_wconf 91' lang='lat' dir='ltr'>in</span> <span class='ocrx_word' id='word_1_104' title='bbox 919 1700 968 1767; x_wconf 85' lang='lat' dir='ltr'>tit.</span> <span class='ocrx_word' id='word_1_105' title='bbox 989 1699 1166 1768; x_wconf 89' lang='lat' dir='ltr'>Philistoris</span> <span class='ocrx_word' id='word_1_106' title='bbox 1182 1700 1249 1784; x_wconf 87' lang='lat' dir='ltr'>(IV,</span> <span class='ocrx_word' id='word_1_107' title='bbox 1275 1705 1345 1784; x_wconf 84' lang='lat'>168,</span> <span class='ocrx_word' id='word_1_108' title='bbox 1368 1702 1401 1784; x_wconf 86' lang='lat'>2)</span> <span class='ocrx_word' id='word_1_109' title='bbox 1417 1691 1596 1785; x_wconf 82' lang='lat' dir='ltr'>complures</span> 
     </span>
    </p>
   </div>
   <div class='ocr_carea' id='block_1_9' title="bbox 365 1810 1733 1909">
    <p class='ocr_par' dir='ltr' id='par_1_9' title="bbox 365 1810 1733 1909">
     <span class='ocr_line' id='line_1_13' title="bbox 365 1810 1733 1909; baseline 0.003 -32"><span class='ocrx_word' id='word_1_110' title='bbox 365 1810 507 1879; x_wconf 89' lang='lat' dir='ltr'>homines</span> <span class='ocrx_word' id='word_1_111' title='bbox 527 1810 712 1881; x_wconf 87' lang='lat' dir='ltr'>muneribus</span> <span class='ocrx_word' id='word_1_112' title='bbox 734 1810 922 1893; x_wconf 88' lang='lat' dir='ltr'>quibusdam</span> <span class='ocrx_word' id='word_1_113' title='bbox 943 1810 1109 1897; x_wconf 79' lang='lat' dir='ltr'>fungentes</span> <span class='ocrx_word' id='word_1_114' title='bbox 1131 1817 1330 1894; x_wconf 85' lang='lat' dir='ltr'>comparent,</span> <span class='ocrx_word' id='word_1_115' title='bbox 1362 1814 1417 1894; x_wconf 90' lang='lat' dir='ltr'>qui</span> <span class='ocrx_word' id='word_1_116' title='bbox 1438 1813 1498 1880; x_wconf 95' lang='lat' dir='ltr'>sub</span> <span class='ocrx_word' id='word_1_117' title='bbox 1523 1813 1595 1897; x_wconf 93' lang='lat' dir='ltr'>ipso</span> <span class='ocrx_word' id='word_1_118' title='bbox 1732 1882 1733 1909; x_wconf 32' lang='lat'>3</span> 
     </span>
    </p>
   </div>
   <div class='ocr_carea' id='block_1_10' title="bbox 301 1921 1606 4681">
    <p class='ocr_par' dir='ltr' id='par_1_10' title="bbox 301 1921 1606 4681">
     <span class='ocr_line' id='line_1_14' title="bbox 367 1921 1595 2008; baseline -0.002 -17"><span class='ocrx_word' id='word_1_119' title='bbox 367 1925 544 1992; x_wconf 82' lang='lat' dir='ltr'>Abascanto</span> <span class='ocrx_word' id='word_1_120' title='bbox 566 1924 695 1992; x_wconf 88' lang='lat' dir='ltr'>luerunt</span> <span class='ocrx_word' id='word_1_121' title='bbox 715 1925 844 2006; x_wconf 89' lang='lat' dir='ltr'>ephebi;</span> <span class='ocrx_word' id='word_1_122' title='bbox 866 1923 984 2008; x_wconf 86' lang='lat' dir='ltr'>dequo</span> <span class='ocrx_word' id='word_1_123' title='bbox 1005 1923 1088 1991; x_wconf 83' lang='lat' dir='ltr'>infra</span> <span class='ocrx_word' id='word_1_124' title='bbox 1108 1924 1236 1991; x_wconf 89' lang='lat' dir='ltr'>docebo.</span> <span class='ocrx_word' id='word_1_125' title='bbox 1274 1923 1357 2002; x_wconf 82' lang='lat' dir='ltr'>Quid</span> <span class='ocrx_word' id='word_1_126' title='bbox 1370 1921 1490 1990; x_wconf 80' lang='lat' dir='ltr'>multa?</span> <span class='ocrx_word' id='word_1_127' title='bbox 1512 1923 1595 1989; x_wconf 88' lang='lat' dir='ltr'>Leu-</span> 
     </span>
     <span class='ocr_line' id='line_1_15' title="bbox 367 2034 1597 2119; baseline 0.001 -17"><span class='ocrx_word' id='word_1_128' title='bbox 367 2036 448 2103; x_wconf 89' lang='lat' dir='ltr'>cium</span> <span class='ocrx_word' id='word_1_129' title='bbox 471 2035 660 2103; x_wconf 87' lang='lat' dir='ltr'>successisse</span> <span class='ocrx_word' id='word_1_130' title='bbox 687 2036 865 2104; x_wconf 82' lang='lat' dir='ltr'>Abascanto</span> <span class='ocrx_word' id='word_1_131' title='bbox 894 2036 1019 2103; x_wconf 91' lang='lat' dir='ltr'>omnino</span> <span class='ocrx_word' id='word_1_132' title='bbox 1048 2054 1111 2113; x_wconf 88' lang='lat' dir='ltr'>non</span> <span class='ocrx_word' id='word_1_133' title='bbox 1132 2039 1241 2119; x_wconf 85' lang='lat' dir='ltr'>potest</span> <span class='ocrx_word' id='word_1_134' title='bbox 1261 2035 1407 2102; x_wconf 85' lang='lat' dir='ltr'>dubitari.</span> <span class='ocrx_word' id='word_1_135' title='bbox 1452 2034 1516 2102; x_wconf 88' lang='lat' dir='ltr'>Sed</span> <span class='ocrx_word' id='word_1_136' title='bbox 1537 2053 1597 2103; x_wconf 91' lang='lat' dir='ltr'>cur</span> 
     </span>
     <span class='ocr_line' id='line_1_16' title="bbox 366 2145 1596 2232; baseline -0.002 -18"><span class='ocrx_word' id='word_1_137' title='bbox 366 2148 505 2232; x_wconf 86' lang='lat' dir='ltr'>proxime</span> <span class='ocrx_word' id='word_1_138' title='bbox 527 2147 715 2215; x_wconf 88' lang='lat' dir='ltr'>successerit</span> <span class='ocrx_word' id='word_1_139' title='bbox 735 2148 845 2231; x_wconf 83' lang='lat' dir='ltr'>quaeri</span> <span class='ocrx_word' id='word_1_140' title='bbox 870 2151 1004 2231; x_wconf 88' lang='lat' dir='ltr'>oportet.</span> <span class='ocrx_word' id='word_1_141' title='bbox 1047 2146 1187 2213; x_wconf 89' lang='lat' dir='ltr'>Primum</span> <span class='ocrx_word' id='word_1_142' title='bbox 1208 2145 1291 2212; x_wconf 85' lang='lat' dir='ltr'>inter</span> <span class='ocrx_word' id='word_1_143' title='bbox 1312 2145 1464 2213; x_wconf 88' lang='lat' dir='ltr'>sollennia</span> <span class='ocrx_word' id='word_1_144' title='bbox 1485 2146 1518 2212; x_wconf 93' lang='lat' dir='ltr'>in</span> <span class='ocrx_word' id='word_1_145' title='bbox 1540 2145 1596 2213; x_wconf 92' lang='lat' dir='ltr'>illo</span> 
     </span>
     <span class='ocr_line' id='line_1_17' title="bbox 366 2249 1597 2344; baseline 0 -20"><span class='ocrx_word' id='word_1_146' title='bbox 366 2257 543 2324; x_wconf 90' lang='lat' dir='ltr'>Philistoris</span> <span class='ocrx_word' id='word_1_147' title='bbox 570 2257 620 2324; x_wconf 87' lang='lat' dir='ltr'>tit.</span> <span class='ocrx_word' id='word_1_148' title='bbox 647 2275 711 2324; x_wconf 90' lang='lat' dir='ltr'>non</span> <span class='ocrx_word' id='word_1_149' title='bbox 738 2260 943 2324; x_wconf 89' lang='lat' dir='ltr'>recensentur</span> <span class='ocrx_word' id='word_1_150' title='bbox 969 2249 1152 2342; x_wconf 74' lang='grc' dir='ltr'><em>Κομμόδεια</em></span> <span class='ocrx_word' id='word_1_151' title='bbox 1180 2255 1435 2344; x_wconf 59' lang='lat' dir='ltr'>astrasapes,</span> <span class='ocrx_word' id='word_1_152' title='bbox 1458 2257 1597 2341; x_wconf 87' lang='lat' dir='ltr'>quaein</span> 
     </span>
     <span class='ocr_line' id='line_1_18' title="bbox 367 2362 1596 2454; baseline -0.005 -18"><span class='ocrx_word' id='word_1_153' title='bbox 367 2368 593 2453; x_wconf 84' lang='lat' dir='ltr'>posterioribus</span> <span class='ocrx_word' id='word_1_154' title='bbox 616 2367 731 2449; x_wconf 86' lang='lat' dir='ltr'>titulis,</span> <span class='ocrx_word' id='word_1_155' title='bbox 753 2367 810 2434; x_wconf 84' lang='lat' dir='ltr'>sed</span> <span class='ocrx_word' id='word_1_156' title='bbox 830 2372 955 2432; x_wconf 85' lang='lat' dir='ltr'>tantum</span> <span class='ocrx_word' id='word_1_157' title='bbox 977 2362 1155 2445; x_wconf 72' lang='grc' dir='ltr'>Ἀντινόειον,</span> <span class='ocrx_word' id='word_1_158' title='bbox 1178 2366 1346 2454; x_wconf 78' lang='grc' dir='ltr'><em>Ἀὃριοίνεια</em></span> <span class='ocrx_word' id='word_1_159' title='bbox 1376 2365 1596 2453; x_wconf 79' lang='grc' dir='ltr'>Φιλαδέλφεια,</span> 
     </span>
     <span class='ocr_line' id='line_1_19' title="bbox 367 2477 1594 2566; baseline 0 -22"><span class='ocrx_word' id='word_1_160' title='bbox 367 2478 579 2566; x_wconf 79' lang='grc' dir='ltr'>Γερμανίκεια,</span> <span class='ocrx_word' id='word_1_161' title='bbox 600 2497 682 2561; x_wconf 90' lang='lat' dir='ltr'>quae</span> <span class='ocrx_word' id='word_1_162' title='bbox 700 2481 813 2546; x_wconf 87' lang='lat' dir='ltr'>cuncta</span> <span class='ocrx_word' id='word_1_163' title='bbox 827 2483 951 2559; x_wconf 90' lang='lat' dir='ltr'>tempus</span> <span class='ocrx_word' id='word_1_164' title='bbox 966 2479 1051 2560; x_wconf 87' lang='lat' dir='ltr'>quod</span> <span class='ocrx_word' id='word_1_165' title='bbox 1066 2482 1203 2545; x_wconf 88' lang='lat' dir='ltr'>estante</span> <span class='ocrx_word' id='word_1_166' title='bbox 1218 2477 1424 2545; x_wconf 77' lang='lat' dir='ltr'>Commodum</span> <span class='ocrx_word' id='word_1_167' title='bbox 1445 2478 1594 2546; x_wconf 88' lang='lat' dir='ltr'>indicant.</span> 
     </span>
     <span class='ocr_line' id='line_1_20' title="bbox 317 2574 1594 2675; baseline -0.003 -16"><span class='ocrx_word' id='word_1_168' title='bbox 317 2574 320 2579; x_wconf 38' lang='lat'><strong>⁴</strong></span> <span class='ocrx_word' id='word_1_169' title='bbox 368 2591 432 2659; x_wconf 81' lang='lat' dir='ltr'>Sed</span> <span class='ocrx_word' id='word_1_170' title='bbox 446 2591 544 2658; x_wconf 89' lang='lat' dir='ltr'>multo</span> <span class='ocrx_word' id='word_1_171' title='bbox 559 2591 631 2675; x_wconf 91' lang='lat' dir='ltr'>plus</span> <span class='ocrx_word' id='word_1_172' title='bbox 645 2592 730 2658; x_wconf 86' lang='lat' dir='ltr'>valet</span> <span class='ocrx_word' id='word_1_173' title='bbox 744 2590 785 2658; x_wconf 88' lang='lat' dir='ltr'>ad</span> <span class='ocrx_word' id='word_1_174' title='bbox 800 2589 1078 2658; x_wconf 89' lang='lat' dir='ltr'>demonstrandum</span> <span class='ocrx_word' id='word_1_175' title='bbox 1093 2590 1167 2656; x_wconf 89' lang='lat' dir='ltr'>hoo:</span> <span class='ocrx_word' id='word_1_176' title='bbox 1190 2590 1223 2656; x_wconf 90' lang='lat' dir='ltr'>in</span> <span class='ocrx_word' id='word_1_177' title='bbox 1239 2590 1292 2656; x_wconf 90' lang='lat' dir='ltr'>illo</span> <span class='ocrx_word' id='word_1_178' title='bbox 1309 2588 1485 2656; x_wconf 90' lang='lat' dir='ltr'>Philistoris</span> <span class='ocrx_word' id='word_1_179' title='bbox 1502 2590 1594 2656; x_wconf 92' lang='lat' dir='ltr'>titulo</span> 
     </span>
     <span class='ocr_line' id='line_1_21' title="bbox 367 2698 1593 2791; baseline -0.004 -23"><span class='ocrx_word' id='word_1_180' title='bbox 367 2703 451 2769; x_wconf 89' lang='lat' dir='ltr'>inter</span> <span class='ocrx_word' id='word_1_181' title='bbox 472 2702 772 2787; x_wconf 81' lang='lat' dir='ltr'>hyposophronistas</span> <span class='ocrx_word' id='word_1_182' title='bbox 797 2706 958 2782; x_wconf 86' lang='lat' dir='ltr'>comparet</span> <span class='ocrx_word' id='word_1_183' title='bbox 973 2698 1179 2787; x_wconf 72' lang='grc' dir='ltr'><em>Ἀλέξανδρος</em></span> <span class='ocrx_word' id='word_1_184' title='bbox 1199 2700 1380 2791; x_wconf 76' lang='grc' dir='ltr'><em>Ἀχορίστοο</em></span> <span class='ocrx_word' id='word_1_185' title='bbox 1402 2699 1593 2789; x_wconf 53' lang='grc' dir='ltr'><em>Παιονίδης</em></span> 
     </span>
     <span class='ocr_line' id='line_1_22' title="bbox 367 2811 1593 2896; baseline -0.002 -16"><span class='ocrx_word' id='word_1_186' title='bbox 367 2815 451 2881; x_wconf 92' lang='lat' dir='ltr'>idem</span> <span class='ocrx_word' id='word_1_187' title='bbox 462 2814 545 2880; x_wconf 88' lang='lat' dir='ltr'>redit</span> <span class='ocrx_word' id='word_1_188' title='bbox 554 2814 587 2879; x_wconf 93' lang='lat' dir='ltr'>in</span> <span class='ocrx_word' id='word_1_189' title='bbox 598 2814 646 2879; x_wconf 90' lang='lat' dir='ltr'>tit.</span> <span class='ocrx_word' id='word_1_190' title='bbox 661 2811 725 2880; x_wconf 83' lang='grc' dir='ltr'>Φιλ.</span> <span class='ocrx_word' id='word_1_191' title='bbox 735 2813 789 2894; x_wconf 93' lang='lat' dir='ltr'>1v‚</span> <span class='ocrx_word' id='word_1_192' title='bbox 802 2817 875 2895; x_wconf 82' lang='lat'>272,</span> <span class='ocrx_word' id='word_1_193' title='bbox 888 2818 917 2894; x_wconf 84' lang='lat'>3,</span> <span class='ocrx_word' id='word_1_194' title='bbox 936 2831 1018 2878; x_wconf 90' lang='lat' dir='ltr'>anno</span> <span class='ocrx_word' id='word_1_195' title='bbox 1032 2816 1092 2879; x_wconf 87' lang='grc'>192</span> <span class='ocrx_word' id='word_1_196' title='bbox 1104 2813 1221 2894; x_wconf 89' lang='lat' dir='ltr'>scripto</span> <span class='ocrx_word' id='word_1_197' title='bbox 1235 2812 1285 2895; x_wconf 84' lang='lat' dir='ltr'>(of.</span> <span class='ocrx_word' id='word_1_198' title='bbox 1298 2811 1373 2895; x_wconf 81' lang='lat' dir='ltr'>Gap.</span> <span class='ocrx_word' id='word_1_199' title='bbox 1383 2812 1464 2896; x_wconf 86' lang='lat' dir='ltr'>XV),</span> <span class='ocrx_word' id='word_1_200' title='bbox 1480 2812 1593 2895; x_wconf 83' lang='lat' dir='ltr'>paedo</span> 
     </span>
     <span class='ocr_line' id='line_1_23' title="bbox 368 2922 1594 3012; baseline -0.001 -22"><span class='ocrx_word' id='word_1_201' title='bbox 368 2925 452 2992; x_wconf 88' lang='lat' dir='ltr'>triba</span> <span class='ocrx_word' id='word_1_202' title='bbox 462 2924 619 3007; x_wconf 89' lang='lat' dir='ltr'>Epicteto,</span> <span class='ocrx_word' id='word_1_203' title='bbox 639 2929 671 2991; x_wconf 88' lang='lat' dir='ltr'>et</span> <span class='ocrx_word' id='word_1_204' title='bbox 682 2923 785 2991; x_wconf 89' lang='lat' dir='ltr'>estibi</span> <span class='ocrx_word' id='word_1_205' title='bbox 799 2925 861 2990; x_wconf 91' lang='lat' dir='ltr'>iam</span> <span class='ocrx_word' id='word_1_206' title='bbox 880 2922 1017 3012; x_wconf 66' lang='grc' dir='ltr'><em>ἡγεμών.</em></span> <span class='ocrx_word' id='word_1_207' title='bbox 1039 2923 1116 2989; x_wconf 91' lang='lat' dir='ltr'>Inde</span> <span class='ocrx_word' id='word_1_208' title='bbox 1127 2927 1226 3006; x_wconf 85' lang='lat' dir='ltr'>patet,</span> <span class='ocrx_word' id='word_1_209' title='bbox 1238 2923 1271 2988; x_wconf 92' lang='lat' dir='ltr'>id</span> <span class='ocrx_word' id='word_1_210' title='bbox 1284 2922 1367 3005; x_wconf 87' lang='lat' dir='ltr'>quod</span> <span class='ocrx_word' id='word_1_211' title='bbox 1378 2922 1594 2989; x_wconf 89' lang='lat' dir='ltr'>demonstrare</span> 
     </span>
     <span class='ocr_line' id='line_1_24' title="bbox 367 3031 1594 3118; baseline -0.003 -15"><span class='ocrx_word' id='word_1_212' title='bbox 367 3035 540 3117; x_wconf 83' lang='lat' dir='ltr'>voluimus,</span> <span class='ocrx_word' id='word_1_213' title='bbox 562 3034 713 3103; x_wconf 90' lang='lat' dir='ltr'>Leucium</span> <span class='ocrx_word' id='word_1_214' title='bbox 735 3039 809 3102; x_wconf 89' lang='lat' dir='ltr'>ante</span> <span class='ocrx_word' id='word_1_215' title='bbox 831 3035 1012 3118; x_wconf 84' lang='lat' dir='ltr'>Epictetum</span> <span class='ocrx_word' id='word_1_216' title='bbox 1039 3033 1137 3100; x_wconf 87' lang='lat' dir='ltr'>fuisse</span> <span class='ocrx_word' id='word_1_217' title='bbox 1157 3031 1375 3117; x_wconf 87' lang='lat' dir='ltr'>paedotribam</span> <span class='ocrx_word' id='word_1_218' title='bbox 1396 3035 1594 3116; x_wconf 91' lang='lat' dir='ltr'>perpetuum.</span> 
     </span>
     <span class='ocr_line' id='line_1_25' title="bbox 368 3142 1598 3229; baseline -0.006 -15"><span class='ocrx_word' id='word_1_219' title='bbox 368 3147 470 3214; x_wconf 82' lang='lat' dir='ltr'>Simul</span> <span class='ocrx_word' id='word_1_220' title='bbox 502 3147 576 3214; x_wconf 93' lang='lat' dir='ltr'>inde</span> <span class='ocrx_word' id='word_1_221' title='bbox 604 3145 737 3213; x_wconf 87' lang='lat' dir='ltr'>efficitur</span> <span class='ocrx_word' id='word_1_222' title='bbox 765 3147 844 3212; x_wconf 88' lang='lat' dir='ltr'>haut</span> <span class='ocrx_word' id='word_1_223' title='bbox 870 3163 989 3229; x_wconf 89' lang='lat' dir='ltr'>paucos</span> <span class='ocrx_word' id='word_1_224' title='bbox 1015 3162 1114 3212; x_wconf 90' lang='lat' dir='ltr'>annos</span> <span class='ocrx_word' id='word_1_225' title='bbox 1141 3142 1395 3210; x_wconf 87' lang='lat' dir='ltr'>intermittendos</span> <span class='ocrx_word' id='word_1_226' title='bbox 1425 3161 1494 3210; x_wconf 91' lang='lat' dir='ltr'>esse</span> <span class='ocrx_word' id='word_1_227' title='bbox 1515 3144 1598 3208; x_wconf 90' lang='lat' dir='ltr'>inter</span> 
     </span>
     <span class='ocr_line' id='line_1_26' title="bbox 369 3252 1597 3340; baseline -0.004 -15"><span class='ocrx_word' id='word_1_228' title='bbox 369 3264 538 3340; x_wconf 87' lang='lat' dir='ltr'>utrumque</span> <span class='ocrx_word' id='word_1_229' title='bbox 555 3257 733 3324; x_wconf 90' lang='lat' dir='ltr'>Philistoris</span> <span class='ocrx_word' id='word_1_230' title='bbox 755 3257 892 3323; x_wconf 81' lang='lat' dir='ltr'>titrdum.</span> <span class='ocrx_word' id='word_1_231' title='bbox 936 3255 1019 3321; x_wconf 91' lang='lat' dir='ltr'>Nam</span> <span class='ocrx_word' id='word_1_232' title='bbox 1040 3274 1078 3320; x_wconf 85' lang='lat' dir='ltr'>ex</span> <span class='ocrx_word' id='word_1_233' title='bbox 1099 3252 1383 3338; x_wconf 84' lang='lat' dir='ltr'>hyposophronista</span> <span class='ocrx_word' id='word_1_234' title='bbox 1404 3252 1483 3319; x_wconf 87' lang='lat' dir='ltr'>baut</span> <span class='ocrx_word' id='word_1_235' title='bbox 1507 3253 1597 3320; x_wconf 83' lang='lat' dir='ltr'>facile</span> 
     </span>
     <span class='ocr_line' id='line_1_27' title="bbox 370 3359 1595 3456; baseline -0.006 -22"><span class='ocrx_word' id='word_1_236' title='bbox 370 3369 441 3453; x_wconf 87' lang='lat' dir='ltr'>quis</span> <span class='ocrx_word' id='word_1_237' title='bbox 463 3367 570 3434; x_wconf 87' lang='lat' dir='ltr'>statim</span> <span class='ocrx_word' id='word_1_238' title='bbox 591 3359 753 3456; x_wconf 66' lang='grc' dir='ltr'><em>ἡγεμόνος</em></span> <span class='ocrx_word' id='word_1_239' title='bbox 773 3384 887 3432; x_wconf 90' lang='lat' dir='ltr'>munus</span> <span class='ocrx_word' id='word_1_240' title='bbox 909 3364 1015 3432; x_wconf 88' lang='lat' dir='ltr'>subire</span> <span class='ocrx_word' id='word_1_241' title='bbox 1037 3364 1168 3446; x_wconf 84' lang='lat' dir='ltr'>solebat,</span> <span class='ocrx_word' id='word_1_242' title='bbox 1191 3363 1275 3447; x_wconf 87' lang='lat' dir='ltr'>quod</span> <span class='ocrx_word' id='word_1_243' title='bbox 1297 3363 1424 3444; x_wconf 89' lang='lat' dir='ltr'>quidem</span> <span class='ocrx_word' id='word_1_244' title='bbox 1446 3382 1484 3430; x_wconf 84' lang='lat' dir='ltr'>ex</span> <span class='ocrx_word' id='word_1_245' title='bbox 1506 3363 1595 3446; x_wconf 90' lang='lat' dir='ltr'>ephe-</span> 
     </span>
     <span class='ocr_line' id='line_1_28' title="bbox 368 3473 1598 3560; baseline -0.007 -13"><span class='ocrx_word' id='word_1_246' title='bbox 368 3479 447 3547; x_wconf 90' lang='lat' dir='ltr'>bicis</span> <span class='ocrx_word' id='word_1_247' title='bbox 478 3477 580 3545; x_wconf 89' lang='lat' dir='ltr'>titulis</span> <span class='ocrx_word' id='word_1_248' title='bbox 612 3480 667 3560; x_wconf 90' lang='lat' dir='ltr'>qui</span> <span class='ocrx_word' id='word_1_249' title='bbox 698 3481 825 3544; x_wconf 84' lang='lat' dir='ltr'>exstant</span> <span class='ocrx_word' id='word_1_250' title='bbox 858 3477 960 3559; x_wconf 90' lang='lat' dir='ltr'>possit</span> <span class='ocrx_word' id='word_1_251' title='bbox 987 3476 1104 3559; x_wconf 75' lang='lat' dir='ltr'>colligi3</span> <span class='ocrx_word' id='word_1_252' title='bbox 1138 3492 1261 3557; x_wconf 91' lang='lat' dir='ltr'>semper</span> <span class='ocrx_word' id='word_1_253' title='bbox 1287 3473 1370 3540; x_wconf 90' lang='lat' dir='ltr'>enim</span> <span class='ocrx_word' id='word_1_254' title='bbox 1404 3473 1598 3554; x_wconf 86' lang='lat' dir='ltr'>aliquantum</span> 
     </span>
     <span class='ocr_line' id='line_1_29' title="bbox 369 3582 1599 3673; baseline -0.007 -15"><span class='ocrx_word' id='word_1_255' title='bbox 369 3591 520 3673; x_wconf 88' lang='lat' dir='ltr'>temporis</span> <span class='ocrx_word' id='word_1_256' title='bbox 546 3591 684 3672; x_wconf 88' lang='lat' dir='ltr'>spatium</span> <span class='ocrx_word' id='word_1_257' title='bbox 711 3589 908 3657; x_wconf 88' lang='lat' dir='ltr'>intercedere</span> <span class='ocrx_word' id='word_1_258' title='bbox 933 3587 1090 3669; x_wconf 82' lang='lat' dir='ltr'>videmus,</span> <span class='ocrx_word' id='word_1_259' title='bbox 1124 3603 1196 3652; x_wconf 94' lang='lat' dir='ltr'>cum</span> <span class='ocrx_word' id='word_1_260' title='bbox 1224 3585 1295 3668; x_wconf 87' lang='lat' dir='ltr'>quis</span> <span class='ocrx_word' id='word_1_261' title='bbox 1324 3603 1362 3650; x_wconf 84' lang='lat' dir='ltr'>ex</span> <span class='ocrx_word' id='word_1_262' title='bbox 1388 3582 1599 3667; x_wconf 82' lang='lat' dir='ltr'>hyposophro·</span> 
     </span>
     <span class='ocr_line' id='line_1_30' title="bbox 368 3690 1597 3788; baseline -0.011 -19"><span class='ocrx_word' id='word_1_263' title='bbox 368 3703 454 3769; x_wconf 90' lang='lat' dir='ltr'>nista</span> <span class='ocrx_word' id='word_1_264' title='bbox 474 3701 512 3768; x_wconf 88' lang='lat' dir='ltr'>fit</span> <span class='ocrx_word' id='word_1_265' title='bbox 532 3701 732 3786; x_wconf 87' lang='lat' dir='ltr'>sophronista</span> <span class='ocrx_word' id='word_1_266' title='bbox 757 3702 874 3768; x_wconf 91' lang='lat' dir='ltr'>nedum</span> <span class='ocrx_word' id='word_1_267' title='bbox 895 3697 1032 3788; x_wconf 68' lang='grc' dir='ltr'><em>ἡγεμών.</em></span> <span class='ocrx_word' id='word_1_268' title='bbox 1076 3698 1165 3763; x_wconf 90' lang='lat' dir='ltr'>ldem</span> <span class='ocrx_word' id='word_1_269' title='bbox 1185 3701 1293 3762; x_wconf 91' lang='lat' dir='ltr'>autem</span> <span class='ocrx_word' id='word_1_270' title='bbox 1322 3695 1375 3760; x_wconf 90' lang='lat' dir='ltr'>ille</span> <span class='ocrx_word' id='word_1_271' title='bbox 1392 3690 1597 3780; x_wconf 73' lang='grc' dir='ltr'><em>Ἀλέξανδρος</em></span> 
     </span>
     <span class='ocr_line' id='line_1_31' title="bbox 363 3804 1598 3905; baseline -0.008 -26"><span class='ocrx_word' id='word_1_272' title='bbox 363 3813 550 3905; x_wconf 76' lang='grc' dir='ltr'><em>Ἀχωρίστου</em></span> <span class='ocrx_word' id='word_1_273' title='bbox 577 3811 754 3901; x_wconf 71' lang='grc' dir='ltr'><em>Παιονίδης</em></span> <span class='ocrx_word' id='word_1_274' title='bbox 781 3813 815 3877; x_wconf 87' lang='lat' dir='ltr'>in</span> <span class='ocrx_word' id='word_1_275' title='bbox 842 3811 893 3876; x_wconf 82' lang='lat' dir='ltr'>lit.</span> <span class='ocrx_word' id='word_1_276' title='bbox 927 3808 992 3874; x_wconf 72' lang='lat' dir='ltr'>del.</span> <span class='ocrx_word' id='word_1_277' title='bbox 1023 3809 1083 3890; x_wconf 90' lang='grc' dir='ltr'>ΙΙΙ,</span> <span class='ocrx_word' id='word_1_278' title='bbox 1112 3812 1184 3886; x_wconf 85' lang='grc'>444,</span> <span class='ocrx_word' id='word_1_279' title='bbox 1210 3811 1225 3871; x_wconf 95' lang='lat' dir='ltr'>l</span> <span class='ocrx_word' id='word_1_280' title='bbox 1249 3805 1332 3871; x_wconf 82' lang='lat' dir='ltr'>inter</span> <span class='ocrx_word' id='word_1_281' title='bbox 1354 3804 1493 3886; x_wconf 82' lang='lat' dir='ltr'>ephebos</span> <span class='ocrx_word' id='word_1_282' title='bbox 1515 3804 1598 3869; x_wconf 81' lang='lat' dir='ltr'>inve·</span> 
     </span>
     <span class='ocr_line' id='line_1_32' title="bbox 370 3914 1599 4008; baseline -0.011 -17"><span class='ocrx_word' id='word_1_283' title='bbox 370 3927 457 3992; x_wconf 91' lang='lat' dir='ltr'>nitur</span> <span class='ocrx_word' id='word_1_284' title='bbox 478 3944 560 3992; x_wconf 89' lang='lat' dir='ltr'>anno</span> <span class='ocrx_word' id='word_1_285' title='bbox 585 3929 662 4008; x_wconf 79' lang='lat'>1653</span> <span class='ocrx_word' id='word_1_286' title='bbox 691 3918 798 4003; x_wconf 81' lang='lat' dir='ltr'>itaque</span> <span class='ocrx_word' id='word_1_287' title='bbox 827 3938 898 3986; x_wconf 89' lang='lat' dir='ltr'>eum</span> <span class='ocrx_word' id='word_1_288' title='bbox 927 3920 1035 3986; x_wconf 91' lang='lat' dir='ltr'>decem</span> <span class='ocrx_word' id='word_1_289' title='bbox 1055 3918 1121 3986; x_wconf 89' lang='lat' dir='ltr'>lere</span> <span class='ocrx_word' id='word_1_290' title='bbox 1150 3916 1240 3983; x_wconf 90' lang='lat' dir='ltr'>annis</span> <span class='ocrx_word' id='word_1_291' title='bbox 1262 3921 1334 3998; x_wconf 89' lang='lat' dir='ltr'>post</span> <span class='ocrx_word' id='word_1_292' title='bbox 1356 3916 1482 3981; x_wconf 92' lang='lat' dir='ltr'>demum</span> <span class='ocrx_word' id='word_1_293' title='bbox 1504 3914 1599 3996; x_wconf 83' lang='lat' dir='ltr'>hypo</span> 
     </span>
     <span class='ocr_line' id='line_1_33' title="bbox 371 4024 1600 4120; baseline -0.013 -14"><span class='ocrx_word' id='word_1_294' title='bbox 371 4037 603 4120; x_wconf 88' lang='lat' dir='ltr'>sophronistam</span> <span class='ocrx_word' id='word_1_295' title='bbox 629 4054 701 4102; x_wconf 92' lang='lat' dir='ltr'>eum</span> <span class='ocrx_word' id='word_1_296' title='bbox 725 4034 842 4101; x_wconf 86' lang='lat' dir='ltr'>lactum</span> <span class='ocrx_word' id='word_1_297' title='bbox 866 4048 1044 4111; x_wconf 89' lang='lat' dir='ltr'>censemus,</span> <span class='ocrx_word' id='word_1_298' title='bbox 1075 4048 1138 4096; x_wconf 90' lang='lat' dir='ltr'>non</span> <span class='ocrx_word' id='word_1_299' title='bbox 1159 4028 1293 4095; x_wconf 87' lang='lat' dir='ltr'>multum</span> <span class='ocrx_word' id='word_1_300' title='bbox 1321 4028 1361 4094; x_wconf 88' lang='lat' dir='ltr'>ab</span> <span class='ocrx_word' id='word_1_301' title='bbox 1383 4043 1459 4093; x_wconf 84' lang='lat' dir='ltr'>vero</span> <span class='ocrx_word' id='word_1_302' title='bbox 1481 4030 1539 4091; x_wconf 88' lang='lat' dir='ltr'>aut</span> <span class='ocrx_word' id='word_1_303' title='bbox 1560 4024 1600 4090; x_wconf 93' lang='lat' dir='ltr'>ab</span> 
     </span>
     <span class='ocr_line' id='line_1_34' title="bbox 370 4135 1599 4217; baseline -0.014 -2"><span class='ocrx_word' id='word_1_304' title='bbox 370 4150 483 4215; x_wconf 90' lang='lat' dir='ltr'>harum</span> <span class='ocrx_word' id='word_1_305' title='bbox 504 4164 610 4214; x_wconf 88' lang='lat' dir='ltr'>rerum</span> <span class='ocrx_word' id='word_1_306' title='bbox 632 4164 692 4212; x_wconf 94' lang='lat' dir='ltr'>usu</span> <span class='ocrx_word' id='word_1_307' title='bbox 706 4144 855 4212; x_wconf 88' lang='lat' dir='ltr'>recedere</span> <span class='ocrx_word' id='word_1_308' title='bbox 877 4142 966 4209; x_wconf 90' lang='lat' dir='ltr'>nobis</span> <span class='ocrx_word' id='word_1_309' title='bbox 989 4141 1141 4208; x_wconf 86' lang='lat' dir='ltr'>uidemur.</span> <span class='ocrx_word' id='word_1_310' title='bbox 1175 4139 1453 4217; x_wconf 81' lang='lat' dir='ltr'>Deducimurergo</span> <span class='ocrx_word' id='word_1_311' title='bbox 1469 4136 1552 4202; x_wconf 89' lang='lat' dir='ltr'>circa</span> <span class='ocrx_word' id='word_1_312' title='bbox 1565 4135 1599 4199; x_wconf 92' lang='lat' dir='ltr'>in</span> 
     </span>
     <span class='ocr_line' id='line_1_35' title="bbox 371 4244 1601 4338; baseline -0.015 -11"><span class='ocrx_word' id='word_1_313' title='bbox 371 4279 399 4327; x_wconf 88' lang='lat' dir='ltr'>a.</span> <span class='ocrx_word' id='word_1_314' title='bbox 426 4264 495 4336; x_wconf 82' lang='grc'>176,</span> <span class='ocrx_word' id='word_1_315' title='bbox 517 4260 565 4325; x_wconf 87' lang='lat' dir='ltr'>ita</span> <span class='ocrx_word' id='word_1_316' title='bbox 585 4262 622 4323; x_wconf 90' lang='lat' dir='ltr'>ut</span> <span class='ocrx_word' id='word_1_317' title='bbox 637 4256 761 4324; x_wconf 88' lang='lat' dir='ltr'>circiter</span> <span class='ocrx_word' id='word_1_318' title='bbox 786 4260 823 4320; x_wconf 82' lang='lat'>17</span> <span class='ocrx_word' id='word_1_319' title='bbox 840 4253 931 4321; x_wconf 89' lang='lat' dir='ltr'>annis</span> <span class='ocrx_word' id='word_1_320' title='bbox 952 4258 1025 4337; x_wconf 91' lang='lat' dir='ltr'>post</span> <span class='ocrx_word' id='word_1_321' title='bbox 1039 4250 1164 4317; x_wconf 89' lang='lat' dir='ltr'>demum</span> <span class='ocrx_word' id='word_1_322' title='bbox 1185 4247 1342 4338; x_wconf 67' lang='grc' dir='ltr'><em>ἡγεμόνος</em></span> <span class='ocrx_word' id='word_1_323' title='bbox 1356 4248 1490 4331; x_wconf 83' lang='lat' dir='ltr'>gradum</span> <span class='ocrx_word' id='word_1_324' title='bbox 1505 4244 1601 4328; x_wconf 81' lang='lat' dir='ltr'>digni-</span> 
     </span>
     <span class='ocr_line' id='line_1_36' title="bbox 372 4357 1603 4453; baseline -0.014 -14"><span class='ocrx_word' id='word_1_325' title='bbox 372 4370 447 4439; x_wconf 84' lang='lat' dir='ltr'>tatis</span> <span class='ocrx_word' id='word_1_326' title='bbox 468 4369 501 4436; x_wconf 92' lang='lat' dir='ltr'>in</span> <span class='ocrx_word' id='word_1_327' title='bbox 522 4367 684 4453; x_wconf 81' lang='lat' dir='ltr'>gymnasio</span> <span class='ocrx_word' id='word_1_328' title='bbox 706 4366 886 4434; x_wconf 88' lang='lat' dir='ltr'>obtinuerit.</span> <span class='ocrx_word' id='word_1_329' title='bbox 932 4364 1021 4442; x_wconf 83' lang='lat' dir='ltr'>Quae</span> <span class='ocrx_word' id='word_1_330' title='bbox 1036 4361 1118 4429; x_wconf 89' lang='lat' dir='ltr'>ratio</span> <span class='ocrx_word' id='word_1_331' title='bbox 1134 4359 1311 4428; x_wconf 87' lang='lat' dir='ltr'>confirmari</span> <span class='ocrx_word' id='word_1_332' title='bbox 1328 4359 1452 4424; x_wconf 89' lang='lat' dir='ltr'>videtur</span> <span class='ocrx_word' id='word_1_333' title='bbox 1472 4357 1532 4424; x_wconf 89' lang='lat' dir='ltr'>hac</span> <span class='ocrx_word' id='word_1_334' title='bbox 1553 4375 1603 4422; x_wconf 88' lang='lat' dir='ltr'>re:</span> 
     </span>
     <span class='ocr_line' id='line_1_37' title="bbox 371 4464 1606 4560; baseline -0.011 -12"><span class='ocrx_word' id='word_1_335' title='bbox 371 4483 405 4548; x_wconf 90' lang='lat' dir='ltr'>in</span> <span class='ocrx_word' id='word_1_336' title='bbox 425 4482 479 4549; x_wconf 93' lang='lat' dir='ltr'>illo</span> <span class='ocrx_word' id='word_1_337' title='bbox 494 4478 671 4547; x_wconf 88' lang='lat' dir='ltr'>Philistoris</span> <span class='ocrx_word' id='word_1_338' title='bbox 692 4477 785 4544; x_wconf 91' lang='lat' dir='ltr'>titulo</span> <span class='ocrx_word' id='word_1_339' title='bbox 804 4478 873 4560; x_wconf 89' lang='lat' dir='ltr'>(IV,</span> <span class='ocrx_word' id='word_1_340' title='bbox 898 4480 969 4557; x_wconf 84' lang='lat'>168,</span> <span class='ocrx_word' id='word_1_341' title='bbox 991 4480 1025 4554; x_wconf 83' lang='lat'>2)</span> <span class='ocrx_word' id='word_1_342' title='bbox 1040 4474 1198 4542; x_wconf 84' lang='lat' dir='ltr'>invenitur</span> <span class='ocrx_word' id='word_1_343' title='bbox 1220 4468 1348 4558; x_wconf 72' lang='grc' dir='ltr'><em>ἡγεμὼν</em></span> <span class='ocrx_word' id='word_1_344' title='bbox 1362 4466 1414 4531; x_wconf 81' lang='grc' dir='ltr'>Κλ.</span> <span class='ocrx_word' id='word_1_345' title='bbox 1430 4464 1606 4554; x_wconf 71' lang='grc' dir='ltr'>Σωκράτης</span> 
     </span>
     <span class='ocr_line' id='line_1_38' title="bbox 301 4577 1602 4681; baseline -0.012 -21"><span class='ocrx_word' id='word_1_346' title='bbox 301 4628 312 4633; x_wconf 90' lang='grc'><strong>-</strong></span> <span class='ocrx_word' id='word_1_347' title='bbox 371 4589 607 4681; x_wconf 53' lang='grc' dir='ltr'><em>Μαραθώνιος</em></span> <span class='ocrx_word' id='word_1_348' title='bbox 636 4590 719 4657; x_wconf 91' lang='lat' dir='ltr'>idem</span> <span class='ocrx_word' id='word_1_349' title='bbox 744 4589 777 4659; x_wconf 89' lang='lat' dir='ltr'>in</span> <span class='ocrx_word' id='word_1_350' title='bbox 805 4589 841 4659; x_wconf 80' lang='lat' dir='ltr'>O.</span> <span class='ocrx_word' id='word_1_351' title='bbox 871 4589 897 4655; x_wconf 93' lang='lat'>1.</span> <span class='ocrx_word' id='word_1_352' title='bbox 928 4591 991 4657; x_wconf 80' lang='grc'>272</span> <span class='ocrx_word' id='word_1_353' title='bbox 1018 4603 1101 4657; x_wconf 89' lang='lat' dir='ltr'>anno</span> <span class='ocrx_word' id='word_1_354' title='bbox 1132 4588 1193 4651; x_wconf 86' lang='lat'>163</span> <span class='ocrx_word' id='word_1_355' title='bbox 1220 4581 1304 4649; x_wconf 90' lang='lat' dir='ltr'>redit</span> <span class='ocrx_word' id='word_1_356' title='bbox 1329 4584 1369 4647; x_wconf 88' lang='lat' dir='ltr'>ut</span> <span class='ocrx_word' id='word_1_357' title='bbox 1393 4577 1602 4675; x_wconf 86' lang='lat' dir='ltr'>sophronista·</span> 
     </span>
    </p>
   </div>
   <div class='ocr_carea' id='block_1_11' title="bbox 0 0 1768 5304">
    <p class='ocr_par' dir='ltr' id='par_1_11' title="bbox 0 0 1768 5304">
     <span class='ocr_line' id='line_1_39' title="bbox 0 0 1768 5304; baseline 0 0"><span class='ocrx_word' id='word_1_358' title='bbox 0 0 1768 5304; x_wconf 95' lang='lat' dir='ltr'> </span> 
     </span>
    </p>
   </div>
  </div>
 </body>
</html>
