<?xml version="1.0" encoding="UTF-8"?>
<!DOCTYPE html PUBLIC "-//W3C//DTD XHTML 1.0 Transitional//EN"
    "http://www.w3.org/TR/xhtml1/DTD/xhtml1-transitional.dtd">
<html xmlns="http://www.w3.org/1999/xhtml" xml:lang="en" lang="en">
 <head>
  <title>
</title>
<meta http-equiv="Content-Type" content="text/html;charset=utf-8" />
  <meta name='ocr-system' content='tesseract 3.04.00' />
  <meta name='ocr-capabilities' content='ocr_page ocr_carea ocr_par ocr_line ocrx_word'/>
</head>
<body>
  <div class='ocr_page' id='page_1' title='image "./commentationese01neubgoog_0091.png"; bbox 0 0 3510 5304; ppageno 0'>
   <div class='ocr_carea' id='block_1_1' title="bbox 882 348 1097 414">
    <p class='ocr_par' dir='ltr' id='par_1_1' title="bbox 882 348 1097 414">
     <span class='ocr_line' id='line_1_1' title="bbox 882 348 1097 414; baseline 0 -18"><span class='ocrx_word' id='word_1_1' title='bbox 882 348 1097 414; x_wconf 68' lang='lat'>..30-</span> 
     </span>
    </p>
   </div>
   <div class='ocr_carea' id='block_1_2' title="bbox 360 533 1600 4158">
    <p class='ocr_par' dir='ltr' id='par_1_2' title="bbox 364 533 1598 735">
     <span class='ocr_line' id='line_1_2' title="bbox 457 533 1598 618; baseline -0.001 -17"><span class='ocrx_word' id='word_1_2' title='bbox 457 537 507 604; x_wconf 82' lang='lat' dir='ltr'>Va.</span> <span class='ocrx_word' id='word_1_3' title='bbox 531 539 582 604; x_wconf 82' lang='lat'>32.</span> <span class='ocrx_word' id='word_1_4' title='bbox 627 537 661 603; x_wconf 89' lang='grc' dir='ltr'>Ρ.</span> <span class='ocrx_word' id='word_1_5' title='bbox 687 535 819 618; x_wconf 52' lang='lat' dir='ltr'>divinoe</span> <span class='ocrx_word' id='word_1_6' title='bbox 841 535 873 600; x_wconf 88' lang='lat' dir='ltr'>in</span> <span class='ocrx_word' id='word_1_7' title='bbox 889 533 967 599; x_wconf 87' lang='lat' dir='ltr'><strong>Phil.</strong></span> <span class='ocrx_word' id='word_1_8' title='bbox 996 534 1046 599; x_wconf 85' lang='lat' dir='ltr'>tit.</span> <span class='ocrx_word' id='word_1_9' title='bbox 1072 533 1223 610; x_wconf 53' lang='grc' dir='ltr'>Οἰνείδας</span> <span class='ocrx_word' id='word_1_10' title='bbox 1252 552 1323 602; x_wconf 88' lang='lat' dir='ltr'>cum</span> <span class='ocrx_word' id='word_1_11' title='bbox 1346 535 1441 601; x_wconf 82' lang='lat' dir='ltr'>etiam</span> <span class='ocrx_word' id='word_1_12' title='bbox 1462 534 1538 602; x_wconf 79' lang='lat' dir='ltr'>alibi</span> <span class='ocrx_word' id='word_1_13' title='bbox 1552 534 1598 600; x_wconf 84' lang='lat' dir='ltr'>in·</span> 
     </span>
     <span class='ocr_line' id='line_1_3' title="bbox 364 642 1217 735; baseline -0.007 -19"><span class='ocrx_word' id='word_1_14' title='bbox 364 649 507 716; x_wconf 79' lang='lat' dir='ltr'>veniatur</span> <span class='ocrx_word' id='word_1_15' title='bbox 532 647 650 718; x_wconf 74' lang='lat' dir='ltr'>divido&lt;</span> <span class='ocrx_word' id='word_1_16' title='bbox 671 647 723 735; x_wconf 81' lang='lat' dir='ltr'>(cf.</span> <span class='ocrx_word' id='word_1_17' title='bbox 746 665 816 730; x_wconf 85' lang='lat' dir='ltr'>pag.</span> <span class='ocrx_word' id='word_1_18' title='bbox 842 642 916 731; x_wconf 82' lang='lat' dir='ltr'>lo),</span> <span class='ocrx_word' id='word_1_19' title='bbox 938 663 1000 710; x_wconf 90' lang='lat' dir='ltr'>non</span> <span class='ocrx_word' id='word_1_20' title='bbox 1021 645 1151 711; x_wconf 86' lang='lat' dir='ltr'>mutavi.</span> <span class='ocrx_word' id='word_1_21' title='bbox 1174 683 1217 697; x_wconf 84' lang='lat'><em>-</em></span> 
     </span>
    </p>

    <p class='ocr_par' dir='ltr' id='par_1_3' title="bbox 364 756 1600 1074">
     <span class='ocr_line' id='line_1_4' title="bbox 458 756 1600 845; baseline -0.004 -21"><span class='ocrx_word' id='word_1_22' title='bbox 458 760 509 824; x_wconf 75' lang='lat' dir='ltr'>Va.</span> <span class='ocrx_word' id='word_1_23' title='bbox 532 762 583 825; x_wconf 88' lang='lat'>35.</span> <span class='ocrx_word' id='word_1_24' title='bbox 627 760 701 824; x_wconf 86' lang='lat' dir='ltr'>Pitt.</span> <span class='ocrx_word' id='word_1_25' title='bbox 730 756 988 843; x_wconf 73' lang='grc' dir='ltr'><em>Προσαρκινος),</em></span> <span class='ocrx_word' id='word_1_26' title='bbox 1018 758 1135 824; x_wconf 86' lang='lat' dir='ltr'>rectius</span> <span class='ocrx_word' id='word_1_27' title='bbox 1165 758 1198 823; x_wconf 92' lang='lat' dir='ltr'>in</span> <span class='ocrx_word' id='word_1_28' title='bbox 1227 758 1349 825; x_wconf 80' lang='lat' dir='ltr'>Phiiist</span> <span class='ocrx_word' id='word_1_29' title='bbox 1377 758 1426 825; x_wconf 90' lang='lat' dir='ltr'>tit.</span> <span class='ocrx_word' id='word_1_30' title='bbox 1456 756 1600 845; x_wconf 73' lang='lat' dir='ltr'>procdd-</span> 
     </span>
     <span class='ocr_line' id='line_1_5' title="bbox 364 855 1598 956; baseline -0.002 -22"><span class='ocrx_word' id='word_1_31' title='bbox 364 895 459 956; x_wconf 65' lang='lat' dir='ltr'>apa.</span> <span class='ocrx_word' id='word_1_32' title='bbox 492 907 534 920; x_wconf 91' lang='grc'>-</span> <span class='ocrx_word' id='word_1_33' title='bbox 574 870 625 934; x_wconf 60' lang='grc' dir='ltr'>νε.</span> <span class='ocrx_word' id='word_1_34' title='bbox 653 872 707 937; x_wconf 80' lang='lat' dir='ltr'>aa</span> <span class='ocrx_word' id='word_1_35' title='bbox 763 869 829 935; x_wconf 75' lang='lat' dir='ltr'>Patr</span> <span class='ocrx_word' id='word_1_36' title='bbox 831 914 998 935; x_wconf 91' lang='grc'><strong>......</strong></span> <span class='ocrx_word' id='word_1_37' title='bbox 1028 855 1598 950; x_wconf 62' lang='lat' dir='ltr'>aaaron....;a1&gt;m.</span> 
     </span>
     <span class='ocr_line' id='line_1_6' title="bbox 365 983 1337 1074; baseline 0 -23"><span class='ocrx_word' id='word_1_38' title='bbox 365 986 527 1074; x_wconf 72' lang='grc' dir='ltr'>Χαρμίδης</span> <span class='ocrx_word' id='word_1_39' title='bbox 542 983 718 1072; x_wconf 78' lang='grc' dir='ltr'>Ἀμφιαρ”,</span> <span class='ocrx_word' id='word_1_40' title='bbox 740 983 824 1066; x_wconf 88' lang='lat' dir='ltr'>qnod</span> <span class='ocrx_word' id='word_1_41' title='bbox 846 983 1015 1050; x_wconf 82' lang='lat' dir='ltr'>restituere</span> <span class='ocrx_word' id='word_1_42' title='bbox 1036 1002 1098 1051; x_wconf 89' lang='lat' dir='ltr'>non</span> <span class='ocrx_word' id='word_1_43' title='bbox 1120 983 1272 1061; x_wconf 78' lang='lat' dir='ltr'>dubitavi.</span> <span class='ocrx_word' id='word_1_44' title='bbox 1295 1023 1337 1034; x_wconf 93' lang='lat'>—</span> 
     </span>
    </p>

    <p class='ocr_par' dir='ltr' id='par_1_4' title="bbox 363 1093 1600 2514">
     <span class='ocr_line' id='line_1_7' title="bbox 449 1093 1600 1178; baseline -0.001 -16"><span class='ocrx_word' id='word_1_45' title='bbox 449 1098 537 1178; x_wconf 78' lang='lat' dir='ltr'>Quae</span> <span class='ocrx_word' id='word_1_46' title='bbox 558 1097 648 1164; x_wconf 87' lang='lat' dir='ltr'>uncis</span> <span class='ocrx_word' id='word_1_47' title='bbox 668 1095 851 1162; x_wconf 88' lang='lat' dir='ltr'>inclusimus</span> <span class='ocrx_word' id='word_1_48' title='bbox 880 1114 919 1161; x_wconf 84' lang='lat' dir='ltr'>ex</span> <span class='ocrx_word' id='word_1_49' title='bbox 944 1095 993 1161; x_wconf 92' lang='lat' dir='ltr'>tit.</span> <span class='ocrx_word' id='word_1_50' title='bbox 1022 1093 1086 1162; x_wconf 66' lang='lat' dir='ltr'>dea,</span> <span class='ocrx_word' id='word_1_51' title='bbox 1110 1096 1136 1178; x_wconf 89' lang='lat'>1,</span> <span class='ocrx_word' id='word_1_52' title='bbox 1159 1101 1232 1178; x_wconf 78' lang='lat'>618,</span> <span class='ocrx_word' id='word_1_53' title='bbox 1255 1101 1273 1160; x_wconf 85' lang='lat'><strong>6</strong></span> <span class='ocrx_word' id='word_1_54' title='bbox 1301 1096 1507 1173; x_wconf 79' lang='lat' dir='ltr'>restituimus.</span> <span class='ocrx_word' id='word_1_55' title='bbox 1553 1097 1600 1162; x_wconf 88' lang='lat' dir='ltr'>Ut</span> 
     </span>
     <span class='ocr_line' id='line_1_8' title="bbox 363 1206 1600 1292; baseline -0.001 -19"><span class='ocrx_word' id='word_1_56' title='bbox 363 1213 469 1275; x_wconf 90' lang='lat' dir='ltr'>autem</span> <span class='ocrx_word' id='word_1_57' title='bbox 499 1209 749 1274; x_wconf 83' lang='lat' dir='ltr'>demonstremus</span> <span class='ocrx_word' id='word_1_58' title='bbox 779 1211 950 1288; x_wconf 88' lang='lat' dir='ltr'>utrumque</span> <span class='ocrx_word' id='word_1_59' title='bbox 978 1206 1105 1275; x_wconf 89' lang='lat' dir='ltr'>titulum</span> <span class='ocrx_word' id='word_1_60' title='bbox 1135 1207 1276 1279; x_wconf 84' lang='lat' dir='ltr'>eiusdem</span> <span class='ocrx_word' id='word_1_61' title='bbox 1303 1214 1336 1274; x_wconf 89' lang='lat' dir='ltr'>et</span> <span class='ocrx_word' id='word_1_62' title='bbox 1363 1208 1543 1292; x_wconf 87' lang='lat' dir='ltr'>argumenti</span> <span class='ocrx_word' id='word_1_63' title='bbox 1567 1212 1600 1273; x_wconf 91' lang='lat' dir='ltr'>et</span> 
     </span>
     <span class='ocr_line' id='line_1_9' title="bbox 365 1316 1600 1402; baseline 0 -18"><span class='ocrx_word' id='word_1_64' title='bbox 365 1320 439 1384; x_wconf 91' lang='lat' dir='ltr'>anni</span> <span class='ocrx_word' id='word_1_65' title='bbox 462 1336 531 1385; x_wconf 87' lang='lat' dir='ltr'>esse</span> <span class='ocrx_word' id='word_1_66' title='bbox 553 1318 629 1383; x_wconf 92' lang='lat' dir='ltr'>nihil</span> <span class='ocrx_word' id='word_1_67' title='bbox 652 1318 741 1385; x_wconf 90' lang='lat' dir='ltr'>nobis</span> <span class='ocrx_word' id='word_1_68' title='bbox 763 1336 842 1401; x_wconf 90' lang='lat' dir='ltr'>opus</span> <span class='ocrx_word' id='word_1_69' title='bbox 866 1337 934 1384; x_wconf 89' lang='lat' dir='ltr'>esse</span> <span class='ocrx_word' id='word_1_70' title='bbox 956 1316 1090 1384; x_wconf 82' lang='lat' dir='ltr'>videtur.</span> <span class='ocrx_word' id='word_1_71' title='bbox 1131 1318 1239 1401; x_wconf 88' lang='lat' dir='ltr'>Ipsum</span> <span class='ocrx_word' id='word_1_72' title='bbox 1261 1317 1480 1401; x_wconf 82' lang='lat' dir='ltr'>fragmentum,</span> <span class='ocrx_word' id='word_1_73' title='bbox 1504 1319 1600 1402; x_wconf 90' lang='lat' dir='ltr'>quale</span> 
     </span>
     <span class='ocr_line' id='line_1_10' title="bbox 365 1427 1599 1516; baseline -0.002 -20"><span class='ocrx_word' id='word_1_74' title='bbox 365 1429 615 1510; x_wconf 84' lang='lat' dir='ltr'>emendavimus,</span> <span class='ocrx_word' id='word_1_75' title='bbox 644 1430 778 1495; x_wconf 84' lang='lat' dir='ltr'>maxime</span> <span class='ocrx_word' id='word_1_76' title='bbox 805 1430 926 1496; x_wconf 86' lang='lat' dir='ltr'>suadet.</span> <span class='ocrx_word' id='word_1_77' title='bbox 971 1429 1017 1495; x_wconf 85' lang='lat' dir='ltr'>Ac</span> <span class='ocrx_word' id='word_1_78' title='bbox 1043 1446 1083 1495; x_wconf 90' lang='lat' dir='ltr'>ne</span> <span class='ocrx_word' id='word_1_79' title='bbox 1111 1431 1182 1512; x_wconf 90' lang='lat' dir='ltr'>quis</span> <span class='ocrx_word' id='word_1_80' title='bbox 1205 1435 1333 1497; x_wconf 88' lang='lat' dir='ltr'>censeat</span> <span class='ocrx_word' id='word_1_81' title='bbox 1361 1449 1431 1496; x_wconf 88' lang='lat' dir='ltr'>esse</span> <span class='ocrx_word' id='word_1_82' title='bbox 1450 1427 1522 1516; x_wconf 82' lang='grc' dir='ltr'>Ἐφ.</span> <span class='ocrx_word' id='word_1_83' title='bbox 1546 1449 1599 1495; x_wconf 94' lang='lat' dir='ltr'>no.</span> 
     </span>
     <span class='ocr_line' id='line_1_11' title="bbox 367 1539 1600 1624; baseline -0.001 -17"><span class='ocrx_word' id='word_1_84' title='bbox 367 1546 450 1607; x_wconf 85' lang='lat'>3160</span> <span class='ocrx_word' id='word_1_85' title='bbox 463 1541 649 1624; x_wconf 86' lang='lat' dir='ltr'>particulam</span> <span class='ocrx_word' id='word_1_86' title='bbox 662 1540 755 1609; x_wconf 91' lang='lat' dir='ltr'>unius</span> <span class='ocrx_word' id='word_1_87' title='bbox 771 1540 973 1623; x_wconf 89' lang='lat' dir='ltr'>eiusdemque</span> <span class='ocrx_word' id='word_1_88' title='bbox 988 1539 1101 1623; x_wconf 76' lang='lat' dir='ltr'>lapidis</span> <span class='ocrx_word' id='word_1_89' title='bbox 1115 1541 1205 1606; x_wconf 87' lang='lat' dir='ltr'>cuius</span> <span class='ocrx_word' id='word_1_90' title='bbox 1224 1540 1401 1607; x_wconf 80' lang='lat' dir='ltr'>Philiston&#39;s</span> <span class='ocrx_word' id='word_1_91' title='bbox 1413 1541 1537 1621; x_wconf 86' lang='lat' dir='ltr'>titulus,</span> <span class='ocrx_word' id='word_1_92' title='bbox 1553 1542 1600 1606; x_wconf 89' lang='lat' dir='ltr'>ita</span> 
     </span>
     <span class='ocr_line' id='line_1_12' title="bbox 365 1649 1600 1734; baseline 0 -18"><span class='ocrx_word' id='word_1_93' title='bbox 365 1652 484 1718; x_wconf 88' lang='lat' dir='ltr'>scilieet</span> <span class='ocrx_word' id='word_1_94' title='bbox 498 1657 535 1717; x_wconf 88' lang='lat' dir='ltr'>ut</span> <span class='ocrx_word' id='word_1_95' title='bbox 549 1649 765 1717; x_wconf 79' lang='lat' dir='ltr'>Cumanudem</span> <span class='ocrx_word' id='word_1_96' title='bbox 779 1651 812 1716; x_wconf 93' lang='lat' dir='ltr'>in</span> <span class='ocrx_word' id='word_1_97' title='bbox 827 1651 1037 1734; x_wconf 82' lang='lat' dir='ltr'>conponendis</span> <span class='ocrx_word' id='word_1_98' title='bbox 1053 1651 1199 1718; x_wconf 84' lang='lat' dir='ltr'>fmatulis</span> <span class='ocrx_word' id='word_1_99' title='bbox 1211 1652 1389 1719; x_wconf 82' lang='lat' dir='ltr'>Philistoris</span> <span class='ocrx_word' id='word_1_100' title='bbox 1410 1653 1496 1719; x_wconf 83' lang='lat' dir='ltr'>tituli</span> <span class='ocrx_word' id='word_1_101' title='bbox 1519 1651 1600 1716; x_wconf 89' lang='lat' dir='ltr'>iilud</span> 
     </span>
     <span class='ocr_line' id='line_1_13' title="bbox 366 1755 1600 1845; baseline -0.002 -17"><span class='ocrx_word' id='word_1_102' title='bbox 366 1763 576 1845; x_wconf 80' lang='lat' dir='ltr'>fragmentum</span> <span class='ocrx_word' id='word_1_103' title='bbox 590 1761 771 1833; x_wconf 72' lang='lat' dir='ltr'>adhibuisse</span> <span class='ocrx_word' id='word_1_104' title='bbox 792 1762 886 1842; x_wconf 89' lang='lat' dir='ltr'>idque</span> <span class='ocrx_word' id='word_1_105' title='bbox 907 1762 939 1826; x_wconf 92' lang='lat' dir='ltr'>in</span> <span class='ocrx_word' id='word_1_106' title='bbox 961 1762 1045 1827; x_wconf 87' lang='lat' dir='ltr'>notis</span> <span class='ocrx_word' id='word_1_107' title='bbox 1062 1755 1174 1830; x_wconf 85' lang='lat' dir='ltr'>notare</span> <span class='ocrx_word' id='word_1_108' title='bbox 1190 1764 1334 1829; x_wconf 88' lang='lat' dir='ltr'>omisisse</span> <span class='ocrx_word' id='word_1_109' title='bbox 1347 1767 1439 1845; x_wconf 87' lang='lat' dir='ltr'>putet</span> <span class='ocrx_word' id='word_1_110' title='bbox 1457 1798 1502 1813; x_wconf 80' lang='lat'>-</span> <span class='ocrx_word' id='word_1_111' title='bbox 1522 1767 1600 1829; x_wconf 91' lang='lat' dir='ltr'>sunt</span> 
     </span>
     <span class='ocr_line' id='line_1_14' title="bbox 365 1873 1599 1958; baseline -0.002 -18"><span class='ocrx_word' id='word_1_112' title='bbox 365 1893 446 1957; x_wconf 89' lang='lat' dir='ltr'>qnae</span> <span class='ocrx_word' id='word_1_113' title='bbox 474 1875 566 1940; x_wconf 88' lang='lat' dir='ltr'>aliter</span> <span class='ocrx_word' id='word_1_114' title='bbox 594 1892 661 1940; x_wconf 89' lang='lat' dir='ltr'>rem</span> <span class='ocrx_word' id='word_1_115' title='bbox 691 1892 725 1940; x_wconf 88' lang='lat' dir='ltr'>se</span> <span class='ocrx_word' id='word_1_116' title='bbox 753 1873 870 1941; x_wconf 90' lang='lat' dir='ltr'>habere</span> <span class='ocrx_word' id='word_1_117' title='bbox 899 1874 1041 1940; x_wconf 81' lang='lat' dir='ltr'>doceant.</span> <span class='ocrx_word' id='word_1_118' title='bbox 1090 1875 1229 1940; x_wconf 90' lang='lat' dir='ltr'>Primum</span> <span class='ocrx_word' id='word_1_119' title='bbox 1264 1875 1348 1940; x_wconf 90' lang='lat' dir='ltr'>enim</span> <span class='ocrx_word' id='word_1_120' title='bbox 1374 1878 1599 1958; x_wconf 78' lang='lat' dir='ltr'>praeterquam</span> 
     </span>
     <span class='ocr_line' id='line_1_15' title="bbox 365 1985 1599 2069; baseline -0.002 -18"><span class='ocrx_word' id='word_1_121' title='bbox 365 1985 450 2069; x_wconf 91' lang='lat' dir='ltr'>quod</span> <span class='ocrx_word' id='word_1_122' title='bbox 471 1985 643 2068; x_wconf 87' lang='lat' dir='ltr'>conpendia</span> <span class='ocrx_word' id='word_1_123' title='bbox 665 1986 826 2051; x_wconf 86' lang='lat' dir='ltr'>nominum</span> <span class='ocrx_word' id='word_1_124' title='bbox 848 1985 1048 2068; x_wconf 87' lang='lat' dir='ltr'>propriorum</span> <span class='ocrx_word' id='word_1_125' title='bbox 1070 1991 1102 2052; x_wconf 90' lang='lat' dir='ltr'>et</span> <span class='ocrx_word' id='word_1_126' title='bbox 1126 1986 1352 2053; x_wconf 89' lang='lat' dir='ltr'>demotieorum</span> <span class='ocrx_word' id='word_1_127' title='bbox 1372 2004 1435 2052; x_wconf 89' lang='lat' dir='ltr'>non</span> <span class='ocrx_word' id='word_1_128' title='bbox 1456 1985 1540 2050; x_wconf 86' lang='lat' dir='ltr'>inter</span> <span class='ocrx_word' id='word_1_129' title='bbox 1562 2003 1599 2049; x_wconf 89' lang='lat' dir='ltr'>se</span> 
     </span>
     <span class='ocr_line' id='line_1_16' title="bbox 364 2094 1596 2182; baseline -0.004 -18"><span class='ocrx_word' id='word_1_130' title='bbox 364 2102 541 2180; x_wconf 89' lang='lat' dir='ltr'>congruunt</span> <span class='ocrx_word' id='word_1_131' title='bbox 568 2137 612 2154; x_wconf 90' lang='lat'><em>-</em></span> <span class='ocrx_word' id='word_1_132' title='bbox 639 2097 736 2162; x_wconf 88' lang='lat' dir='ltr'>veluti</span> <span class='ocrx_word' id='word_1_133' title='bbox 757 2095 808 2161; x_wconf 90' lang='lat' dir='ltr'>hio</span> <span class='ocrx_word' id='word_1_134' title='bbox 836 2095 934 2167; x_wconf 85' lang='lat' dir='ltr'>habes</span> <span class='ocrx_word' id='word_1_135' title='bbox 963 2114 1008 2161; x_wconf 77' lang='lat' dir='ltr'>vs,</span> <span class='ocrx_word' id='word_1_136' title='bbox 1033 2099 1061 2161; x_wconf 90' lang='lat'>5.</span> <span class='ocrx_word' id='word_1_137' title='bbox 1092 2095 1216 2177; x_wconf 74' lang='lat' dir='ltr'>Xoff‘,</span> <span class='ocrx_word' id='word_1_138' title='bbox 1246 2096 1309 2162; x_wconf 87' lang='lat' dir='ltr'>illie</span> <span class='ocrx_word' id='word_1_139' title='bbox 1333 2094 1518 2182; x_wconf 53' lang='grc' dir='ltr'>Χολλείδης</span> <span class='ocrx_word' id='word_1_140' title='bbox 1543 2095 1596 2160; x_wconf 92' lang='lat' dir='ltr'>hic</span> 
     </span>
     <span class='ocr_line' id='line_1_17' title="bbox 364 2201 1598 2294; baseline -0.007 -17"><span class='ocrx_word' id='word_1_141' title='bbox 364 2228 409 2277; x_wconf 83' lang='lat' dir='ltr'>vs.</span> <span class='ocrx_word' id='word_1_142' title='bbox 426 2215 456 2275; x_wconf 83' lang='lat'>4.</span> <span class='ocrx_word' id='word_1_143' title='bbox 496 2207 638 2292; x_wconf 49' lang='lat' dir='ltr'>‘feam</span> <span class='ocrx_word' id='word_1_144' title='bbox 666 2209 710 2274; x_wconf 87' lang='lat' dir='ltr'>ibi</span> <span class='ocrx_word' id='word_1_145' title='bbox 727 2203 827 2290; x_wconf 51' lang='lat' dir='ltr'>‘iffi</span> <span class='ocrx_word' id='word_1_146' title='bbox 858 2208 909 2274; x_wconf 87' lang='lat' dir='ltr'>hic</span> <span class='ocrx_word' id='word_1_147' title='bbox 931 2226 976 2272; x_wconf 77' lang='lat' dir='ltr'>vs</span> <span class='ocrx_word' id='word_1_148' title='bbox 1000 2211 1037 2271; x_wconf 86' lang='lat'>21</span> <span class='ocrx_word' id='word_1_149' title='bbox 1059 2201 1262 2293; x_wconf 72' lang='grc' dir='ltr'><em>ἈσκληπκΓ,</em></span> <span class='ocrx_word' id='word_1_150' title='bbox 1294 2207 1339 2273; x_wconf 87' lang='lat' dir='ltr'>ibi</span> <span class='ocrx_word' id='word_1_151' title='bbox 1356 2203 1598 2294; x_wconf 69' lang='lat' dir='ltr'>&#39;oniprrroidou3</span> 
     </span>
     <span class='ocr_line' id='line_1_18' title="bbox 364 2317 1599 2409; baseline -0.003 -24"><span class='ocrx_word' id='word_1_152' title='bbox 364 2320 415 2387; x_wconf 89' lang='lat' dir='ltr'>hie</span> <span class='ocrx_word' id='word_1_153' title='bbox 434 2339 480 2386; x_wconf 89' lang='lat' dir='ltr'>vs.</span> <span class='ocrx_word' id='word_1_154' title='bbox 497 2325 537 2386; x_wconf 83' lang='lat'>22</span> <span class='ocrx_word' id='word_1_155' title='bbox 561 2321 725 2409; x_wconf 57' lang='lat' dir='ltr'>Muclus,</span> <span class='ocrx_word' id='word_1_156' title='bbox 747 2319 790 2386; x_wconf 93' lang='lat' dir='ltr'>ibi</span> <span class='ocrx_word' id='word_1_157' title='bbox 806 2319 997 2408; x_wconf 54' lang='lat' dir='ltr'>Moopraaom</span> <span class='ocrx_word' id='word_1_158' title='bbox 1022 2317 1156 2400; x_wconf 89' lang='lat' dir='ltr'>denique</span> <span class='ocrx_word' id='word_1_159' title='bbox 1173 2318 1236 2383; x_wconf 86' lang='lat' dir='ltr'>alia</span> <span class='ocrx_word' id='word_1_160' title='bbox 1250 2352 1294 2369; x_wconf 92' lang='lat'>-</span> <span class='ocrx_word' id='word_1_161' title='bbox 1310 2318 1417 2385; x_wconf 87' lang='lat' dir='ltr'>videas</span> <span class='ocrx_word' id='word_1_162' title='bbox 1431 2317 1465 2382; x_wconf 93' lang='lat' dir='ltr'>in</span> <span class='ocrx_word' id='word_1_163' title='bbox 1490 2320 1599 2382; x_wconf 87' lang='lat' dir='ltr'>nostro</span> 
     </span>
     <span class='ocr_line' id='line_1_19' title="bbox 366 2429 696 2514; baseline 0 -18"><span class='ocrx_word' id='word_1_164' title='bbox 366 2429 477 2514; x_wconf 86' lang='lat' dir='ltr'>fragm.</span> <span class='ocrx_word' id='word_1_165' title='bbox 500 2448 545 2497; x_wconf 86' lang='lat' dir='ltr'>vs.</span> <span class='ocrx_word' id='word_1_166' title='bbox 572 2436 621 2497; x_wconf 82' lang='grc'>17.</span> <span class='ocrx_word' id='word_1_167' title='bbox 647 2436 696 2510; x_wconf 87' lang='grc'>18,</span> 
     </span>
    </p>

    <p class='ocr_par' dir='ltr' id='par_1_5' title="bbox 672 2535 1231 2628">
     <span class='ocr_line' id='line_1_20' title="bbox 672 2535 1231 2628; baseline -0.002 -25"><span class='ocrx_word' id='word_1_168' title='bbox 672 2536 720 2608; x_wconf 82' lang='lat' dir='ltr'>M.</span> <span class='ocrx_word' id='word_1_169' title='bbox 738 2535 837 2619; x_wconf 59' lang='lat' dir='ltr'>&#39;lodis</span> <span class='ocrx_word' id='word_1_170' title='bbox 857 2536 1107 2628; x_wconf 74' lang='grc' dir='ltr'>Ἀσιληπιάὸη(ς)</span> <span class='ocrx_word' id='word_1_171' title='bbox 1130 2538 1148 2602; x_wconf 81' lang='lat' dir='ltr'>d</span> <span class='ocrx_word' id='word_1_172' title='bbox 1170 2540 1231 2607; x_wconf 79' lang='lat' dir='ltr'>rai</span> 
     </span>
    </p>

    <p class='ocr_par' dir='ltr' id='par_1_6' title="bbox 364 2648 1598 2941">
     <span class='ocr_line' id='line_1_21' title="bbox 672 2648 1348 2737; baseline 0 -24"><span class='ocrx_word' id='word_1_173' title='bbox 672 2648 862 2737; x_wconf 77' lang='grc' dir='ltr'><strong><em>Εὐρ]υτίὸας</em></strong></span> <span class='ocrx_word' id='word_1_174' title='bbox 1208 2649 1348 2736; x_wconf 60' lang='grc' dir='ltr'>Υθορικ““</span> 
     </span>
     <span class='ocr_line' id='line_1_22' title="bbox 365 2762 1598 2846; baseline -0.001 -16"><span class='ocrx_word' id='word_1_175' title='bbox 365 2763 482 2830; x_wconf 89' lang='lat' dir='ltr'>Contra</span> <span class='ocrx_word' id='word_1_176' title='bbox 502 2763 565 2830; x_wconf 88' lang='lat' dir='ltr'>illie</span> <span class='ocrx_word' id='word_1_177' title='bbox 594 2763 634 2845; x_wconf 87' lang='lat' dir='ltr'>(v.</span> <span class='ocrx_word' id='word_1_178' title='bbox 660 2763 713 2846; x_wconf 78' lang='lat'>75)</span> <span class='ocrx_word' id='word_1_179' title='bbox 742 2781 799 2844; x_wconf 89' lang='lat' dir='ltr'>per</span> <span class='ocrx_word' id='word_1_180' title='bbox 828 2780 925 2828; x_wconf 93' lang='lat' dir='ltr'>unum</span> <span class='ocrx_word' id='word_1_181' title='bbox 953 2767 1079 2829; x_wconf 88' lang='lat' dir='ltr'>tautum</span> <span class='ocrx_word' id='word_1_182' title='bbox 1107 2781 1235 2833; x_wconf 87' lang='lat' dir='ltr'>versum</span> <span class='ocrx_word' id='word_1_183' title='bbox 1261 2762 1344 2829; x_wconf 90' lang='lat' dir='ltr'>idem</span> <span class='ocrx_word' id='word_1_184' title='bbox 1369 2762 1462 2829; x_wconf 91' lang='lat' dir='ltr'>homo</span> <span class='ocrx_word' id='word_1_185' title='bbox 1492 2778 1598 2831; x_wconf 89' lang='lat' dir='ltr'>recen-</span> 
     </span>
     <span class='ocr_line' id='line_1_23' title="bbox 364 2858 1028 2941; baseline 0.002 -1"><span class='ocrx_word' id='word_1_186' title='bbox 364 2879 453 2941; x_wconf 88' lang='lat' dir='ltr'>setur</span> <span class='ocrx_word' id='word_1_187' title='bbox 475 2875 520 2941; x_wconf 89' lang='lat' dir='ltr'>sic</span> <span class='ocrx_word' id='word_1_188' title='bbox 710 2864 712 2867; x_wconf 62' lang='grc'><strong>’</strong></span> <span class='ocrx_word' id='word_1_189' title='bbox 1003 2858 1028 2864; x_wconf 37' lang='grc'>“’</span> 
     </span>
    </p>

    <p class='ocr_par' dir='ltr' id='par_1_7' title="bbox 672 2979 1346 3071">
     <span class='ocr_line' id='line_1_24' title="bbox 672 2979 1346 3071; baseline 0.001 -25"><span class='ocrx_word' id='word_1_190' title='bbox 672 2984 710 3050; x_wconf 88' lang='lat' dir='ltr'>M.</span> <span class='ocrx_word' id='word_1_191' title='bbox 728 2979 812 3048; x_wconf 82' lang='grc' dir='ltr'><strong>Ἰούλ.</strong></span> <span class='ocrx_word' id='word_1_192' title='bbox 831 2979 1053 3071; x_wconf 68' lang='grc' dir='ltr'><em>Ἀσκληπιάδης</em></span> <span class='ocrx_word' id='word_1_193' title='bbox 1073 2982 1175 3070; x_wconf 64' lang='lat' dir='ltr'>Erip*</span> <span class='ocrx_word' id='word_1_194' title='bbox 1248 2983 1346 3071; x_wconf 66' lang='lat' dir='ltr'>Oop‘</span> 
     </span>
    </p>

    <p class='ocr_par' dir='ltr' id='par_1_8' title="bbox 360 3074 1596 4158">
     <span class='ocr_line' id='line_1_25' title="bbox 448 3074 1596 3178; baseline 0 -18"><span class='ocrx_word' id='word_1_195' title='bbox 448 3095 591 3178; x_wconf 90' lang='lat' dir='ltr'>Denique</span> <span class='ocrx_word' id='word_1_196' title='bbox 611 3074 663 3160; x_wconf 83' lang='lat' dir='ltr'>hic</span> <span class='ocrx_word' id='word_1_197' title='bbox 685 3094 740 3176; x_wconf 82' lang='lat' dir='ltr'>(vs</span> <span class='ocrx_word' id='word_1_198' title='bbox 760 3096 814 3178; x_wconf 77' lang='lat'>27)</span> <span class='ocrx_word' id='word_1_199' title='bbox 836 3099 909 3177; x_wconf 89' lang='lat' dir='ltr'>post</span> <span class='ocrx_word' id='word_1_200' title='bbox 924 3094 1069 3160; x_wconf 90' lang='lat' dir='ltr'>ultimum</span> <span class='ocrx_word' id='word_1_201' title='bbox 1084 3096 1143 3161; x_wconf 90' lang='lat' dir='ltr'>sub</span> <span class='ocrx_word' id='word_1_202' title='bbox 1159 3095 1363 3161; x_wconf 80' lang='lat' dir='ltr'>Acamantida</span> <span class='ocrx_word' id='word_1_203' title='bbox 1386 3095 1472 3161; x_wconf 90' lang='lat' dir='ltr'>tribu</span> <span class='ocrx_word' id='word_1_204' title='bbox 1489 3113 1596 3161; x_wconf 88' lang='lat' dir='ltr'>recen·</span> 
     </span>
     <span class='ocr_line' id='line_1_26' title="bbox 364 3202 1595 3288; baseline 0 -18"><span class='ocrx_word' id='word_1_205' title='bbox 364 3206 459 3270; x_wconf 89' lang='lat' dir='ltr'>situm</span> <span class='ocrx_word' id='word_1_206' title='bbox 480 3222 594 3271; x_wconf 90' lang='lat' dir='ltr'>nomen</span> <span class='ocrx_word' id='word_1_207' title='bbox 616 3206 724 3271; x_wconf 88' lang='lat' dir='ltr'>statim</span> <span class='ocrx_word' id='word_1_208' title='bbox 746 3202 889 3288; x_wconf 88' lang='lat' dir='ltr'>sequitur</span> <span class='ocrx_word' id='word_1_209' title='bbox 918 3205 949 3269; x_wconf 93' lang='lat' dir='ltr'>in</span> <span class='ocrx_word' id='word_1_210' title='bbox 979 3205 1084 3288; x_wconf 90' lang='lat' dir='ltr'>lapide</span> <span class='ocrx_word' id='word_1_211' title='bbox 1112 3204 1212 3272; x_wconf 87' lang='lat' dir='ltr'>tribus</span> <span class='ocrx_word' id='word_1_212' title='bbox 1234 3204 1404 3273; x_wconf 84' lang='lat' dir='ltr'>Hadrianis</span> <span class='ocrx_word' id='word_1_213' title='bbox 1437 3225 1509 3272; x_wconf 94' lang='lat' dir='ltr'>cum</span> <span class='ocrx_word' id='word_1_214' title='bbox 1531 3205 1595 3271; x_wconf 90' lang='lat' dir='ltr'>suis</span> 
     </span>
     <span class='ocr_line' id='line_1_27' title="bbox 364 3314 1595 3402; baseline -0.001 -21"><span class='ocrx_word' id='word_1_215' title='bbox 364 3316 551 3382; x_wconf 80' lang='lat' dir='ltr'>nominibus</span> <span class='ocrx_word' id='word_1_216' title='bbox 596 3314 715 3382; x_wconf 83' lang='lat' dir='ltr'>Contra</span> <span class='ocrx_word' id='word_1_217' title='bbox 744 3314 808 3381; x_wconf 90' lang='lat' dir='ltr'>illic</span> <span class='ocrx_word' id='word_1_218' title='bbox 839 3316 1048 3398; x_wconf 86' lang='lat' dir='ltr'>respondente</span> <span class='ocrx_word' id='word_1_219' title='bbox 1080 3315 1149 3382; x_wconf 86' lang='lat' dir='ltr'>loco</span> <span class='ocrx_word' id='word_1_220' title='bbox 1178 3317 1237 3402; x_wconf 86' lang='lat' dir='ltr'>(vs.</span> <span class='ocrx_word' id='word_1_221' title='bbox 1268 3314 1324 3401; x_wconf 85' lang='grc'>84)</span> <span class='ocrx_word' id='word_1_222' title='bbox 1357 3316 1501 3399; x_wconf 88' lang='lat' dir='ltr'>sequitur</span> <span class='ocrx_word' id='word_1_223' title='bbox 1532 3335 1595 3382; x_wconf 93' lang='lat' dir='ltr'>non</span> 
     </span>
     <span class='ocr_line' id='line_1_28' title="bbox 363 3425 1595 3509; baseline 0 -17"><span class='ocrx_word' id='word_1_224' title='bbox 363 3427 542 3503; x_wconf 85' lang='lat' dir='ltr'>Hadrianis,</span> <span class='ocrx_word' id='word_1_225' title='bbox 565 3427 622 3494; x_wconf 87' lang='lat' dir='ltr'>sed</span> <span class='ocrx_word' id='word_1_226' title='bbox 635 3431 839 3495; x_wconf 82' lang='lat' dir='ltr'>recensentur</span> <span class='ocrx_word' id='word_1_227' title='bbox 860 3426 1137 3508; x_wconf 87' lang='lat' dir='ltr'>hypopaedotriba,</span> <span class='ocrx_word' id='word_1_228' title='bbox 1160 3426 1333 3508; x_wconf 87' lang='lat' dir='ltr'>subscribo,</span> <span class='ocrx_word' id='word_1_229' title='bbox 1356 3426 1491 3507; x_wconf 88' lang='lat' dir='ltr'>denique</span> <span class='ocrx_word' id='word_1_230' title='bbox 1505 3425 1595 3509; x_wconf 89' lang='lat' dir='ltr'>ephe·</span> 
     </span>
     <span class='ocr_line' id='line_1_29' title="bbox 365 3536 1596 3620; baseline -0.001 -18"><span class='ocrx_word' id='word_1_231' title='bbox 365 3537 477 3603; x_wconf 87' lang='lat' dir='ltr'>bomm</span> <span class='ocrx_word' id='word_1_232' title='bbox 510 3537 654 3620; x_wconf 86' lang='lat' dir='ltr'>magistri</span> <span class='ocrx_word' id='word_1_233' title='bbox 680 3537 892 3619; x_wconf 85' lang='lat' dir='ltr'>ministrique;</span> <span class='ocrx_word' id='word_1_234' title='bbox 927 3536 1040 3620; x_wconf 89' lang='lat' dir='ltr'>ephebi</span> <span class='ocrx_word' id='word_1_235' title='bbox 1069 3543 1175 3603; x_wconf 89' lang='lat' dir='ltr'>autem</span> <span class='ocrx_word' id='word_1_236' title='bbox 1200 3538 1254 3620; x_wconf 89' lang='lat' dir='ltr'>qui</span> <span class='ocrx_word' id='word_1_237' title='bbox 1281 3555 1320 3602; x_wconf 80' lang='lat' dir='ltr'>ex</span> <span class='ocrx_word' id='word_1_238' title='bbox 1351 3536 1438 3604; x_wconf 89' lang='lat' dir='ltr'>tribu</span> <span class='ocrx_word' id='word_1_239' title='bbox 1463 3537 1596 3603; x_wconf 89' lang='lat' dir='ltr'>Hadria·</span> 
     </span>
     <span class='ocr_line' id='line_1_30' title="bbox 366 3642 1595 3730; baseline 0 -18"><span class='ocrx_word' id='word_1_240' title='bbox 366 3647 439 3714; x_wconf 93' lang='lat' dir='ltr'>nide</span> <span class='ocrx_word' id='word_1_241' title='bbox 464 3655 540 3715; x_wconf 91' lang='lat' dir='ltr'>sunt</span> <span class='ocrx_word' id='word_1_242' title='bbox 566 3642 720 3730; x_wconf 87' lang='lat' dir='ltr'>incipiunt</span> <span class='ocrx_word' id='word_1_243' title='bbox 741 3649 822 3719; x_wconf 63' lang='lat' dir='ltr'>11⁸AE</span> <span class='ocrx_word' id='word_1_244' title='bbox 842 3647 1018 3714; x_wconf 90' lang='lat' dir='ltr'>columnam</span> <span class='ocrx_word' id='word_1_245' title='bbox 1041 3654 1100 3727; x_wconf 84' lang='lat' dir='ltr'>(vs</span> <span class='ocrx_word' id='word_1_246' title='bbox 1117 3653 1183 3726; x_wconf 82' lang='grc'><strong>43).</strong></span> <span class='ocrx_word' id='word_1_247' title='bbox 1221 3649 1270 3713; x_wconf 82' lang='lat' dir='ltr'>Ex</span> <span class='ocrx_word' id='word_1_248' title='bbox 1290 3649 1405 3728; x_wconf 89' lang='lat' dir='ltr'>quibus</span> <span class='ocrx_word' id='word_1_249' title='bbox 1428 3647 1506 3714; x_wconf 88' lang='lat' dir='ltr'>satis</span> <span class='ocrx_word' id='word_1_250' title='bbox 1527 3665 1595 3728; x_wconf 89' lang='lat' dir='ltr'>per·</span> 
     </span>
     <span class='ocr_line' id='line_1_31' title="bbox 360 3757 1595 3842; baseline -0.005 -15"><span class='ocrx_word' id='word_1_251' title='bbox 360 3759 497 3841; x_wconf 63' lang='lat' dir='ltr'>,spicitur</span> <span class='ocrx_word' id='word_1_252' title='bbox 517 3759 698 3842; x_wconf 86' lang='lat' dir='ltr'>titulorum,</span> <span class='ocrx_word' id='word_1_253' title='bbox 721 3759 863 3840; x_wconf 89' lang='lat' dir='ltr'>quamvis</span> <span class='ocrx_word' id='word_1_254' title='bbox 885 3757 971 3824; x_wconf 86' lang='lat' dir='ltr'>idem</span> <span class='ocrx_word' id='word_1_255' title='bbox 993 3763 1027 3825; x_wconf 89' lang='lat' dir='ltr'>et</span> <span class='ocrx_word' id='word_1_256' title='bbox 1048 3764 1269 3842; x_wconf 90' lang='lat' dir='ltr'>argumentum</span> <span class='ocrx_word' id='word_1_257' title='bbox 1293 3768 1326 3825; x_wconf 90' lang='lat' dir='ltr'>et</span> <span class='ocrx_word' id='word_1_258' title='bbox 1347 3776 1449 3824; x_wconf 85' lang='lat' dir='ltr'>annus</span> <span class='ocrx_word' id='word_1_259' title='bbox 1471 3759 1527 3839; x_wconf 88' lang='lat' dir='ltr'>sit,</span> <span class='ocrx_word' id='word_1_260' title='bbox 1552 3757 1595 3821; x_wconf 88' lang='lat' dir='ltr'>la·</span> 
     </span>
     <span class='ocr_line' id='line_1_32' title="bbox 364 3865 1593 3955; baseline -0.002 -21"><span class='ocrx_word' id='word_1_261' title='bbox 364 3870 453 3952; x_wconf 90' lang='lat' dir='ltr'>pides</span> <span class='ocrx_word' id='word_1_262' title='bbox 475 3888 545 3936; x_wconf 86' lang='lat' dir='ltr'>esse</span> <span class='ocrx_word' id='word_1_263' title='bbox 560 3871 709 3937; x_wconf 86' lang='lat' dir='ltr'>diversos.</span> <span class='ocrx_word' id='word_1_264' title='bbox 747 3867 898 3935; x_wconf 78' lang='lat' dir='ltr'>Eiusdem</span> <span class='ocrx_word' id='word_1_265' title='bbox 923 3868 1058 3951; x_wconf 89' lang='lat' dir='ltr'>denique</span> <span class='ocrx_word' id='word_1_266' title='bbox 1072 3870 1293 3952; x_wconf 80' lang='lat' dir='ltr'>inscriptionis,</span> <span class='ocrx_word' id='word_1_267' title='bbox 1315 3869 1404 3936; x_wconf 89' lang='lat' dir='ltr'>cuius</span> <span class='ocrx_word' id='word_1_268' title='bbox 1423 3865 1487 3955; x_wconf 84' lang='grc' dir='ltr'>Έφ.</span> <span class='ocrx_word' id='word_1_269' title='bbox 1503 3872 1593 3947; x_wconf 87' lang='lat'>3160,</span> 
     </span>
     <span class='ocr_line' id='line_1_33' title="bbox 365 3979 1594 4077; baseline -0.001 -33"><span class='ocrx_word' id='word_1_270' title='bbox 365 3980 522 4077; x_wconf 86' lang='lat' dir='ltr'>particula</span> <span class='ocrx_word' id='word_1_271' title='bbox 543 3986 592 4046; x_wconf 89' lang='lat' dir='ltr'>est</span> <span class='ocrx_word' id='word_1_272' title='bbox 616 3980 751 4046; x_wconf 88' lang='lat' dir='ltr'>fortasse</span> <span class='ocrx_word' id='word_1_273' title='bbox 774 3981 869 4048; x_wconf 86' lang='lat' dir='ltr'>etiam</span> <span class='ocrx_word' id='word_1_274' title='bbox 893 3980 978 4046; x_wconf 86' lang='lat' dir='ltr'>aliud</span> <span class='ocrx_word' id='word_1_275' title='bbox 1001 3979 1225 4063; x_wconf 85' lang='lat' dir='ltr'>fragmentum,</span> <span class='ocrx_word' id='word_1_276' title='bbox 1256 3981 1295 4047; x_wconf 93' lang='lat' dir='ltr'>de</span> <span class='ocrx_word' id='word_1_277' title='bbox 1317 3986 1386 4060; x_wconf 76' lang='lat' dir='ltr'>‘quo</span> <span class='ocrx_word' id='word_1_278' title='bbox 1414 3981 1446 4045; x_wconf 92' lang='lat' dir='ltr'>in</span> <span class='ocrx_word' id='word_1_279' title='bbox 1468 3996 1594 4059; x_wconf 86' lang='lat' dir='ltr'>sequen·</span> 
     </span>
     <span class='ocr_line' id='line_1_34' title="bbox 367 4088 625 4158; baseline 0.008 -3"><span class='ocrx_word' id='word_1_280' title='bbox 367 4088 453 4156; x_wconf 90' lang='lat' dir='ltr'>tibus</span> <span class='ocrx_word' id='word_1_281' title='bbox 477 4091 625 4158; x_wconf 89' lang='lat' dir='ltr'>dicemus.</span> 
     </span>
    </p>
   </div>
   <div class='ocr_carea' id='block_1_3' title="bbox 821 4315 1130 4327">
    <p class='ocr_par' dir='ltr' id='par_1_9' title="bbox 821 4315 1130 4327">
     <span class='ocr_line' id='line_1_35' title="bbox 821 4315 1130 4327; baseline 0 -4"><span class='ocrx_word' id='word_1_282' title='bbox 821 4315 1130 4327; x_wconf 78' lang='grc'>,......-..-.....---....</span> 
     </span>
    </p>
   </div>
   <div class='ocr_carea' id='block_1_4' title="bbox 0 0 1761 5304">
    <p class='ocr_par' dir='ltr' id='par_1_10' title="bbox 0 0 1761 5304">
     <span class='ocr_line' id='line_1_36' title="bbox 0 0 1761 5304; baseline 0 0"><span class='ocrx_word' id='word_1_283' title='bbox 0 0 1761 5304; x_wconf 95' lang='lat' dir='ltr'> </span> 
     </span>
    </p>
   </div>
  </div>
 </body>
</html>
