3490 5296
638 393 873 454 -153—

229 582 329 658 Quam
352 580 406 644 diu
429 579 638 661 Telesphorus
661 594 773 642 munus
795 574 1059 640 administraverit
1080 593 1141 640 non
1156 573 1263 655 liquet.
1297 574 1373 639 Post

114 766 120 780 ·
144 710 214 756 eum
237 692 333 757 suhiit
354 709 468 756 munus

246 816 457 903 Σεραπίων
480 820 497 880 ὑ
520 820 579 882 καὶ
600 818 770 903 Κράτων
793 815 1007 884 Παιανιεύς

143 928 196 1009 qui
219 946 295 993 num
317 929 411 993 nullis
434 929 524 994 annis
547 928 718 994 interiectis
741 932 867 992 secutus
890 928 932 991 sit
946 926 1171 1006 Telesphorum
1194 926 1292 991 statui
1311 945 1373 991 non

142 1045 263 1121 potast3
286 1044 372 1105 carte
394 1045 521 1106 secutus
544 1045 593 1106 est
613 1039 710 1103 illum.

262 1202 311 1256 232
330 1201 364 1268 (a)
430 1184 588 1248 Pta'lahtor
610 1182 671 1265 IV,
695 1186 768 1264 559,
794 1185 821 1246 1.
862 1183 983 1249 Nomen
1006 1182 1150 1247 Cratonis
1171 1180 1375 1264 paedotribae

430 1298 463 1361 in
486 1315 595 1362 manco
619 1296 710 1362 titulo
738 1316 799 1361 uon
829 1301 989 1377 superest3
1020 1295 1075 1359 sed
1106 1294 1201 1360 ueteri
1229 1297 1372 1359 extantes

430 1408 634 1490 magistratus
657 1411 800 1488 spectant
822 1407 863 1471 ad
885 1406 979 1471 huius
1001 1409 1146 1470 aetatem.

427 1521 474 1585 De
497 1538 578 1584 anno
600 1525 719 1599 postea.

261 1646 366 1711 2419)
431 1630 589 1693 Phila‘stor
611 1628 671 1709 IV,
698 1631 771 1705 168,
794 1630 823 1691 3.

512 1742 604 1806 Areh.
629 1742 733 1827 ὑερεὺς
756 1740 892 1821 Φλάβιος
916 1737 1136 1826 Ἀσκληπιάδης

511 1852 613 1919 Cosm.
637 1853 674 1916 ll.
700 1852 770 1937 Αὑρ.
793 1850 967 1921 Κάλλιππος
989 1849 1184 1935 Λαμπτρεύς.

431 1965 478 2030 De
500 1983 581 2029 anno
604 1969 723 2045 postea.

355 2098 367 2146 a
433 2074 589 2138 Pha'lastor
611 2073 672 2153 IV,
696 2075 770 2156 344,
794 2077 823 2138 4.

512 2186 607 2252 Arch.
632 2187 706 2273 Αὑρ.
729 2183 931 2255 Λαοδικιανός

514 2297 615 2363 Cosm.
643 2296 783 2381 Τιβέριος
805 2295 958 2381 Μέστριος
981 2344 988 2359 .
1012 2344 1019 2360 .
1044 2282 1059 2358 .’
1074 2344 1206 2360 .....

203 2429 271 2479 intra
288 2446 367 2479 annos
432 2408 590 2471 Philistor
613 2406 659 2487 Π,
682 2406 756 2470 428.

220 2540 366 2594 247-250.
513 2519 606 2583 Arch.
633 2515 730 2597 Φλάβ.
755 2515 965 2600 Φιλόστρατος

514 2628 620 2698 003111,
640 2626 853 2712 Καλπούρνιος
874 2624 1015 2711 Πρόκλος
1032 2622 1178 2712 Ἵσρμειος

432 2741 479 2806 De
501 2745 641 2821 tempore
663 2737 701 2804 ci.
725 2755 796 2818 pag.
814 2741 865 2802 95.

232 2904 270 2968 In
299 2901 420 2967 Philist.
451 2902 505 2983 IV,
538 2905 615 2981 168,
647 2906 664 2964 3
696 2904 969 2965 commemorantur
999 2898 1150 2965 sollennia
1179 2899 1375 2988 Γορδιάνεια.

12 3002 13 3063 ]
142 3015 296 3081 Gordiani
321 3013 450 3079 fuerunt
476 3022 550 3079 tres.
596 3012 736 3090 Quorum
766 3010 944 3075 Gordianus
972 3010 1002 3086 1,
1030 3010 1061 3075 II
1092 3012 1201 3076 eodem
1230 3031 1292 3094 quo
1321 3012 1377 3077 im·

143 3126 267 3208 perium
289 3124 492 3190 obtinuerant
511 3141 592 3188 anno
616 3127 690 3186 sunt
710 3119 874 3195 interiecti,
897 3137 924 3184 a.
943 3125 1015 3186 237.
1054 3122 1166 3202 Itaque
1188 3121 1227 3189 de
1248 3123 1298 3188 his
1313 3140 1376 3188 non

144 3243 193 3302 est
215 3235 432 3317 cogitandum,
460 3235 515 3300 sed
538 3233 642 3316 potius
669 3233 708 3297 de
731 3231 888 3297 Gordiano
910 3232 973 3307 ΙΙΙ,
1003 3233 1058 3313 qui
1086 3233 1119 3297 in
1147 3233 1277 3315 imperio
1307 3240 1376 3300 erat

144 3352 325 3411 241-244.
363 3345 468 3428 Atque
489 3345 555 3410 veri
578 3342 726 3408 dissimile
749 3348 798 3407 est
818 3348 892 3425 post
912 3341 996 3408 hunc
1018 3342 1218 3409 interfectum
1239 3343 1374 3427 amplius

144 3459 304 3525 celebrata
326 3475 396 3523 esse
423 3474 460 3522 ea
487 3455 648 3521 sollennia.
694 3455 806 3533 Itaque
832 3453 916 3518 intra
944 3471 1043 3518 annos
1068 3455 1236 3518 241-244
1266 3455 1376 3521 titulus

143 3569 268 3634 Philist.
293 3569 347 3644 IV,
373 3572 444 3644 168,
466 3573 484 3633 3
510 3566 689 3648 conpositus
710 3582 779 3629 esse
801 3562 934 3629 uidetur.
980 3565 1027 3628 Eo
1054 3564 1085 3628 in
1109 3563 1201 3629 titulo
1229 3564 1374 3630 διδάσκα-
1476 3596 1481 3603 ·

144 3681 199 3751 λος
221 3678 418 3766 Παλαμήδης
439 3698 556 3744 nonum
580 3694 695 3741 annum
718 3675 750 3738 in
772 3692 901 3738 munere
924 3678 980 3737 est.
1026 3674 1161 3740 Proinde
1183 3695 1285 3742 annus
1314 3696 1376 3760 quo

143 3792 245 3874 primo
275 3809 389 3855 munus
419 3789 517 3855 subiit
544 3788 654 3853 incidit
683 3788 767 3850 intra
798 3802 826 3849 a.
851 3788 1028 3851 232-235.
1074 3787 1161 3852 ldem
1190 3786 1378 3860 διδάσκαλος

144 3902 282 3967 reditio
305 3901 425 3966 Philist.
445 3899 501 3980 IV,
526 3905 598 3977 344,
622 3905 651 3977 4,
675 3902 708 3963 et
730 3896 783 3975 IV,
808 3896 878 3976 559,
904 3902 935 3960 l:
958 3917 1020 3963 uon
1043 3899 1175 3964 multum
1198 3918 1273 3983 ergo
1295 3901 1377 3968 inter

145 4030 179 4077 se
203 4013 324 4076 distant
344 4012 378 4075 hi
401 4012 496 4077 tituli.
542 4012 608 4074 lam
632 4027 706 4074 vero
729 4009 760 4071 in
783 4007 861 4072 Phil.
886 4007 940 4083 lv,
970 4012 1040 4085 559,
1066 4014 1079 4072 l
1107 4009 1303 4096 ὑποζάκορος
1328 4018 1378 4077 est

144 4123 324 4205 Epictetum
354 4123 521 4187 contrairi
549 4120 628 4184 Phil.
658 4119 703 4200 ΙΙ,
733 4124 814 4198 428,
842 4119 934 4184 titulo
964 4119 1048 4184 intra
1080 4138 1179 4187 annos
1207 4126 1376 4187 247-250

145 4234 265 4316 scripto
287 4232 339 4317 (oi.
361 4251 431 4315 pag.
449 4231 514 4316 95),
537 4232 617 4296 alius
641 4236 690 4297 est
705 4231 911 4315 ὑποζάκορος,
935 4231 991 4297 sel.
1013 4230 1183 4321 Εὐτυχίδης
1200 4230 1376 4317 Ἀθμονεύς,

145 4351 178 4410 et
199 4345 226 4409 is
248 4344 377 4424 quidem
402 4348 482 4408 18ωιι
505 4362 620 4407 annum
643 4342 676 4407 iu
698 4361 827 4407 munere
849 4360 917 4408 esse
940 4342 983 4408 ihi
1006 4343 1129 4408 dieitur.
1175 4343 1279 4410 Subiit
1300 4366 1376 4429 ergo

145 4474 261 4521 munus
289 4455 375 4520 intra
402 4470 499 4520 annos
528 4456 704 4518 229—232.
758 4453 869 4533 ltaque
896 4452 948 4517 ille
976 4452 1156 4535 Epictetus,
1185 4456 1276 4537 utqui
1302 4463 1376 4522 ante

145 4567 355 4650 Eutychidem
379 4565 575 4650 ὑποζάκορος
595 4564 705 4641 fuerit,
733 4583 796 4629 non
822 4569 894 4645 post
920 4583 947 4629 a.
970 4569 1031 4630 232
1060 4566 1093 4630 in
1123 4585 1251 4633 munere
1279 4565 1377 4632 luisse
