3490 5296
855 390 1087 452 —122-

357 596 403 643 νε.
426 580 454 642 6.
479 581 497 641 7
521 575 691 660 conparent
713 580 749 640 ut
770 574 1063 657 Philadelpheorum
1085 574 1304 658 agonothetae.
1341 575 1453 656 ltaque
1474 575 1589 641 abhinc

356 706 419 753 uno
442 707 573 757 numero
596 687 867 771 comprehendendi
888 693 980 753 erunt
995 688 1043 753 tit.
1060 685 1094 752 O.
1111 686 1135 753 1.
1151 690 1223 765 245,
1245 685 1376 768 Ephesii.
1391 686 1475 753 arch.
1492 691 1587 766 2600,

357 798 392 866 0.
408 799 432 864 Ι,
450 804 511 864 246
536 799 615 883 (Col.
633 801 665 864 ll
687 818 732 865 vs.
749 795 900 884 20—35),
922 798 1073 880 quamvis,
1095 796 1323 881 complurima
1345 798 1462 876 desint,
1484 797 1589 863 adhuc
1639 835 1642 841 -

355 929 417 976 non
439 911 561 993 possint
582 911 706 977 restitui
727 912 777 976 vel
800 910 941 993 conponi.

440 1022 488 1086 De
514 1040 594 1087 anno
622 1025 741 1088 certum
770 1021 940 1104 quidquam
967 1020 1110 1104 prolerre
1140 1039 1202 1087 non
1232 1039 1370 1104 possum.
1420 1020 1513 1099 Quod
1549 1039 1589 1086 ex

355 1132 531 1198 nominibus
553 1133 687 1213 propriis
714 1132 799 1198 hisce
817 1129 913 1218 Ἑρέν.
939 1130 1134 1217 Πτολεμαῖος
1154 1122 1302 1219 Ἕρμειος
1329 1139 1434 1213 (quern
1463 1137 1589 1214 patrem

354 1243 505 1309 Herennii
526 1243 659 1326 Dexippi
680 1244 809 1310 Hermei
836 1263 906 1309 esse
938 1248 1080 1325 censeo),
1105 1241 1200 1329 Ἑρέν.
1220 1239 1420 1313 Ἀπολλώνιος
1440 1231 1591 1330 Ἕρμειος

356 1354 423 1436 (qni
444 1354 548 1420 nescio
571 1374 611 1419 un
631 1353 714 1421 filius
736 1357 803 1421 eius
826 1355 868 1421 sit
890 1356 945 1437 qui
968 1356 1000 1420 in
1023 1355 1071 1420 tit.
1096 1353 1131 1419 G.
1154 1355 1179 1421 Ι.
1205 1359 1283 1435 192,
1314 1374 1334 1420 a
1357 1357 1419 1418 170
1447 1374 1477 1437 p.
1501 1354 1589 1432 Chr,

354 1466 436 1531 inter
458 1471 607 1549 prytaneo
629 1464 834 1553 recensetur),
860 1466 949 1530 Odul.
969 1466 1180 1552 Μαμερτεῖνος
1202 1463 1270 1550 (qui
1290 1464 1424 1531 fortasse
1439 1472 1488 1532 est
1501 1463 1588 1531 filius

354 1576 421 1643 eius
444 1579 498 1659 qui
521 1597 548 1643 a.
577 1581 637 1643 167
661 1601 696 1664 p.
721 1576 796 1644 Chr.
826 1579 941 1646 archon
970 1578 1032 1644 est¹
1064 1582 1096 1643 et
1124 1578 1177 1660 qui
1206 1577 1282 1643 item
1311 1596 1339 1644 a.
1365 1580 1427 1641 170
1454 1597 1485 1665 p.
1510 1576 1585 1642 (ihr.

353 1689 435 1754 inter
457 1694 606 1771 prytanes
629 1695 677 1755 est
699 1690 732 1754 in
754 1689 788 1756 G.
813 1690 839 1758 Ι.
858 1693 942 1775 192),
965 1691 1049 1772 quod
1073 1709 1110 1755 ex
1131 1688 1226 1771 hisce,
1249 1689 1315 1770 aio,
1337 1690 1516 1756 nominibus
1539 1687 1587 1776 (in

357 1800 406 1864 tit.
435 1800 514 1882 Eph.
544 1800 737 1867 architob
766 1801 849 1867 inter
879 1802 1016 1883 ephebos
1045 1800 1297 1882 conmemoratis)
1339 1802 1439 1884 possit
1472 1801 1585 1885 colligi,

356 1912 514 1994 posuerim
538 1911 645 1977 titulos
668 1914 740 1980 circ.
763 1933 792 1979 a.
811 1918 883 1978 200.
922 1912 984 1979 Sed
1007 1932 1068 1978 uon
1090 1932 1148 1996 pro
1171 1917 1257 1977 certo
1273 1916 1388 1977 statuo.
1426 1913 1463 1976 Id
1478 1917 1585 1978 autem

356 2021 568 2087 contenderim
597 2024 723 2089 titulum
746 2025 782 2092 Ο.
810 2025 937 2100 1286,
968 2025 1058 2092 cuius
1086 2026 1118 2090 in
1147 2041 1259 2091 aversa
1287 2029 1379 2105 parte
1405 2024 1585 2090 inueniatur

350 2133 399 2198 tit.
423 2132 457 2199 G.
474 2134 498 2198 1.
519 2139 590 2216 246,
613 2154 675 2201 non
698 2138 807 2203 eodem
829 2155 911 2202 anno
934 2155 1003 2203 esse
1025 2141 1195 2214 exaratum,
1219 2156 1280 2220 quo
1305 2138 1338 2204 0.
1355 2140 1379 2205 Ι.
1403 2139 1497 2220 24523
1521 2144 1585 2206 ete·

350 2245 414 2309 nim
443 2265 482 2311 ne
512 2265 610 2311 unum
640 2247 766 2330 quidem
794 2267 833 2313 ex
861 2248 968 2313 multis
999 2249 1126 2330 ephebis
1155 2248 1213 2316 sub
1248 2268 1300 2315 no.
1324 2253 1385 2314 245
1420 2251 1585 2316 recensitis

352 2360 542 2443 deprehendi
564 2361 596 2425 iu
619 2361 760 2443 catalogo
782 2381 832 2428 no.
850 2366 922 2427 286.
944 2397 986 2409 -
1007 2362 1112 2443 Atque
1134 2361 1212 2426 haec
1234 2359 1273 2426 de
1295 2360 1440 2427 columna
1462 2361 1506 2427 Il.

436 2472 548 2538 Restat
570 2472 703 2556 denique
727 2472 823 2538 coll
847 2472 894 2555 (O,
917 2473 942 2538 Ι.
967 2475 1054 2556 245.)
1178 2508 1183 2516 ·

401 2678 403 2682 ὗ
437 2582 651 2647 Fourmoutuo
674 2583 800 2650 exhibet
822 2602 868 2650 vs.
887 2591 913 2649 1.
939 2584 1171 2664 (ΥΜΦΕΡ
1189 2588 1270 2665 ΟΝ
1281 2591 1336 2665 ΤΙ

821 2717 867 2764 νε.
884 2703 912 2765 2.
1065 2703 1338 2779 ΗΡΑΚΛΕΙ

231 2913 237 2919 .
351 2814 384 2875 et
405 2810 510 2890 paullo
531 2809 612 2875 infra
859 2814 1174 2893 ΑΕΚΛΗΠΙΑ

436 2922 592 2988 Plataico.
616 2924 674 2989 sub
696 2943 747 2990 no.
766 2929 798 2990 l:
821 2944 866 2991 νε.
886 2930 912 2991 1.
977 2930 1455 3013 οΥΜφΕ,οΝΠ.ΚΕΙ

823 3045 914 3105 162·
1014 3046 1351 3123 ΗΡΑΚΛΗΔΑΙ

353 3151 540 3217 vocabulum
562 3147 722 3241 Ἀσκλήπια
750 3153 877 3218 omittit.
929 3154 1012 3222 Illud
1040 3162 1144 3256 Kcl,
1175 3159 1258 3241 quod
1286 3176 1330 3223 νε.
1356 3165 1383 3238 1,
1413 3161 1446 3223 et
1468 3162 1582 3259 ΔΑΙ,

351 3265 440 3346 quod
462 3282 507 3330 νε.
525 3270 543 3329 2
566 3266 695 3349 insuper
717 3269 828 3333 ceteris
850 3266 964 3334 litteris
979 3269 1164 3336 Pittakisius
1180 3271 1305 3337 exhibet
1319 3271 1393 3336 hinc
1408 3273 1585 3352 separanda

351 3384 384 3440 et
405 3375 464 3441 sub
487 3396 537 3442 uo.
557 3381 575 3441 2
599 3383 657 3456 (νε.
677 3383 704 3443 1.
729 3383 761 3455 3)
785 3377 991 3445 adscribenda
1014 3399 1083 3446 esse
1098 3400 1195 3464 supra
1208 3382 1271 3446 iarn
1286 3382 1475 3448 notavimus.
1509 3384 1585 3465 Ipsa

354 3490 460 3552 autem
493 3489 589 3554 verba
610 3487 810 3577 Συμφέροντι
833 3486 976 3576 Ἡρακλεῖ
1001 3528 1043 3539 -
1068 3488 1231 3581 Ἀσκλῇπια
1259 3499 1333 3560 sunt
1361 3513 1398 3560 ex
1426 3496 1472 3560 eis
1502 3495 1585 3560 notis

351 3615 430 3678 quas
452 3599 513 3679 ipsi
536 3600 648 3682 ephebi
669 3601 841 3684 lapidibus,
863 3602 975 3667 horum
998 3603 1150 3670 lateribus
1172 3607 1385 3687 potissimum,
1407 3606 1583 3688 insculpere

351 3708 495 3775 solebant
516 3712 611 3775 animi
634 3731 745 3793 eausa3
769 3712 809 3778 de
831 3714 944 3796 quibus
967 3732 1039 3779 cum
1061 3732 1157 3798 supra
1179 3715 1262 3799 (pag.
1281 3721 1322 3781 64
1346 3720 1428 3802 sqq.)
1451 3719 1515 3785 iam
1530 3721 1584 3789 do·

351 3821 485 3903 cuerim,
514 3821 592 3887 nihil
613 3823 699 3888 hisee
721 3824 754 3888 iu
776 3825 881 3890 verbis
902 3842 1017 3894 moror.

438 3931 586 4012 Sequitur
607 3938 645 3998 ut
666 3934 826 4000 videamus
850 3935 889 4001 de

707 4043 755 4108 II.
792 4044 884 4131 Corp.
907 4047 1059 4133 Inucre‘pt.
1082 4071 1132 4115 ne.
1149 4053 1223 4116 285.

439 4155 600 4221 Habemus
621 4154 673 4220 vel
694 4156 744 4221 hic
766 4161 832 4224 tres
854 4159 994 4226 diversas
1016 4161 1255 4244 inscriptiones,
1285 4181 1366 4244 quae
1393 4165 1471 4230 nihil
1500 4167 1582 4232 inter

350 4287 386 4333 se
407 4267 524 4333 habent
552 4284 723 4334 commune.
773 4271 877 4353 Atque
908 4271 973 4337 Col.
998 4273 1014 4337 1
1044 4279 1093 4340 est
1123 4275 1208 4357 apud
1236 4276 1353 4341 Pittak.
1382 4276 1402 4341 l.
1426 4277 1446 4342 l.
1475 4297 1526 4343 uo.
1548 4284 1581 4350 4;

352 4378 1069 4459 ωΠεωὼωΜεωἏ-

352 4491 560 4504 ᾗ..

420 4532 428 4565 1

419 4606 430 4637 ²
447 4534 653 4670 gssssszgdaff'eo
670 4621 736 4656 anno
754 4605 797 4672 qui
815 4624 864 4659 non
884 4607 990 4658 multum
1008 4608 1075 4660 absit
1092 4610 1212 4678 scriptum
1229 4628 1288 4663 eum
1305 4628 1362 4664 esse
1380 4611 1442 4664 mihi
1460 4612 1523 4665 satis
1544 4618 1581 4665 est

349 4689 505 4740 persuasum.
