3490 5296
874 412 1107 471 —154-

380 599 492 676 potest.
538 594 636 675 Atqui
657 612 727 660 eum
750 593 859 659 eedem
881 593 913 658 iu
936 594 984 659 tit.
1010 594 1101 674 (Phil.
1125 596 1180 672 IV,
1210 600 1280 672 559,
1305 596 1335 676 l)
1370 602 1539 677 conpareat
1569 596 1607 659 δι·
1721 662 1722 675 ¹

381 705 537 775 ὃιίσκαλος
557 702 764 793 Παλαμήδης,
792 722 885 786 quem
907 704 992 769 iutra
1013 722 1111 769 anuos
1138 710 1307 770 232—235
1336 724 1449 771 munus
1477 707 1609 773 subiisse

381 836 477 899 supra
497 816 644 896 indicavi,
666 815 842 881 necessarie
864 813 996 882 efficitur
1023 821 1060 881 ut
1086 817 1196 882 titulus
1224 816 1305 882 Phil.
1329 817 1384 896 IV,
1413 822 1488 897 559,
1521 824 1536 882 1
1566 819 1610 883 iu·

380 929 465 994 sidat
486 929 518 992 iu
540 945 656 992 anuum
678 930 750 1007 232,
778 930 872 1008 etque
896 926 935 992 ob
961 926 1020 992 hoc
1042 926 1146 1008 ipsum
1167 928 1215 992 tir.
1241 928 1318 993 Phil.
1342 928 1397 1004 IV,
1421 932 1491 1004 168,
1520 934 1538 993 3
1562 947 1610 993 ca·

381 1039 436 1104 dat
458 1044 582 1118 oportet
608 1039 640 1102 iu
666 1058 694 1103 a.
719 1042 789 1101 241.
812 1074 855 1082 —
881 1037 1023 1119 Denique
1052 1057 1169 1103 anuum
1204 1037 1289 1105 tituli
1311 1038 1388 1103 Phil.
1413 1038 1467 1113 lv,
1496 1044 1568 1114 344,
1590 1045 1609 1103 4
1721 1112 1722 1121 ¹

380 1169 437 1231 pro
460 1159 545 1214 certo
568 1154 707 1215 statuere
728 1168 791 1214 nou
812 1167 958 1230 possum3
987 1151 1043 1214 sed
1066 1151 1272 1232 magistratus
1295 1151 1348 1233 qui
1370 1151 1402 1214 iu
1424 1149 1517 1214 titulo
1541 1167 1608 1215 eeu·

381 1265 593 1351 memorantur
620 1260 732 1327 docent
756 1278 819 1324 uon
849 1260 982 1326 multum
1012 1280 1083 1326 eum
1119 1262 1229 1327 abesse
1261 1281 1280 1325 a
1314 1261 1413 1325 titulis
1443 1260 1522 1324 Phil.
1554 1258 1608 1336 IV,

383 1378 453 1454 1ea,
476 1378 505 1437 3.
540 1372 593 1452 iv,
619 1377 689 1453 559,
714 1379 740 1436 1.

455 1483 614 1562 ,Ceterum
642 1484 664 1547 ii
691 1482 730 1550 de
758 1482 872 1564 quibus
899 1484 992 1550 mode
1022 1484 1085 1549 dixi
1112 1484 1196 1549 tituli
1226 1489 1300 1549 sunt
1333 1483 1471 1548 omnium
1504 1501 1607 1549 recen·
1721 1492 1722 1571 j

382 1594 494 1661 tissimi
515 1596 547 1660 iu
570 1595 684 1677 quibus
706 1597 823 1662 mentio
844 1593 882 1660 fit
902 1596 1103 1678 epheborum.
