3510 5304
691 436 904 503 -254

182 620 241 689 ait
260 621 325 691 hio:

183 789 212 838 a.
236 735 288 877 ῗ-ἓξ
308 805 353 818 -
376 768 439 834 (Dat.
462 769 504 852 H,
528 774 606 838 268:
639 768 688 835 ἐπὶ
709 769 863 860 ἄρχοντος
883 767 1014 844 Σέξτου.

183 965 214 1015 8.
238 916 350 1058 Ῐ-ἓέ-
373 949 408 1018 G.
431 950 457 1016 I.
483 953 558 1017 190:
592 948 641 1015 ἐπὶ
662 949 858 1036 Μαμερτίνοο
880 949 1041 1041 ἄρχοντος.

183 1150 214 1198 a.
237 1097 288 1239 {383
310 1167 352 1178 -
374 1129 409 1197 O.
432 1131 458 1196 Ι.
483 1135 558 1198 191:
591 1128 640 1196 ἐπὶ
662 1132 715 1196 τοῦ
734 1131 817 1217 μετὰ
838 1130 1033 1217 Μομερτῖνον
1055 1135 1115 1199 cet.

269 1293 374 1374 Atque
394 1292 479 1363 huno
500 1295 635 1365 alterum
656 1296 797 1364 ordinem
819 1295 891 1363 ideo
924 1313 983 1378 ego
1004 1293 1218 1379 praetulerim,
1251 1292 1325 1375 quia
1357 1290 1408 1357 tit.

183 1403 220 1471 0.
244 1405 268 1470 Ι.
296 1408 366 1470 190.
391 1408 449 1471 191
474 1407 613 1490 proxime
635 1407 747 1475 abesse
766 1406 915 1475 uidentur
935 1407 976 1474 ab
997 1404 1101 1474 titulis
1123 1403 1158 1472 0.
1182 1405 1300 1485 1199,
1326 1421 1408 1471 anno

186 1516 249 1580 170
270 1515 404 1598 scripto,
434 1515 674 1600 11111193,
707 1536 789 1584 anno
813 1521 872 1583 171
896 1515 1022 1600 scripto.
1065 1514 1221 1584 Nimirum
1253 1515 1286 1583 in
1308 1514 1409 1584 titulis

186 1630 257 1691 190.
289 1631 358 1691 191.
398 1626 469 1693 199.
509 1632 569 1693 193
601 1627 695 1695 iidem
726 1627 793 1694 fere
823 1626 966 1693 homines
998 1631 1189 1711 comparent,
1221 1628 1306 1711 quod
1338 1645 1410 1695 cum
1485 1716 1489 1725 .

183 1734 365 1803 Boeokhius
387 1737 429 1804 ad
451 1738 499 1805 tit.
518 1743 579 1804 190
601 1737 782 1822 diligentius
803 1743 900 1820 atque
930 1738 1060 1805 uberius
1092 1736 1324 1819 demonstrarit,
1355 1736 1409 1806 hio

182 1887 330 1966 repetere
351 1902 626 1967 superuacaneum.
677 1882 810 1951 Ascribo
839 1901 916 1968 ergo
938 1883 1121 1951 archontem
1143 1879 1274 1951 Sextum
1295 1900 1325 1950 a.
1348 1848 1400 1929 1-59

1348 1931 1408 1992 1ou
1434 2000 1438 2006 ,

491 2005 541 2060 rou
817 2003 868 2058 rea

182 2038 407 2106 Mamertinum
428 2057 456 2104 a.
489 2077 551 2146 ᾗ,
566 2036 747 2106 anarchiam
768 2056 797 2104 a.
815 2072 877 2145 363.
899 2071 942 2086 -

269 2206 326 2272 Ad
345 2232 374 2275 ο.
399 2211 471 2275 169.
515 2207 587 2277 Vid.
610 2226 692 2293 quae
712 2225 809 2292 supra
830 2207 872 2276 ad
893 2227 922 2275 a.
948 2207 1009 2274 165
1041 2205 1082 2274 de
1113 2206 1299 2276 Heracleide
1320 2207 1410 2276 Meli·

181 2319 265 2388 tensi
287 2319 500 2391 disseruimus.
523 2356 566 2367 -

268 2447 324 2512 Ad
344 2472 373 2514 a.
398 2450 471 2515 170.
515 2448 598 2516 Huic
627 2466 708 2516 anno
741 2448 924 2518 archontum
945 2446 1088 2516 Tineinm
1109 2447 1273 2517 Ponticum
1295 2447 1409 2517 Besae·

182 2581 290 2630 ensem
311 2561 530 2630 ascribendum
553 2580 623 2630 esse
645 2562 737 2629 docet
758 2562 807 2628 tit.
832 2559 942 2645 1111,
967 2565 1038 2643 523,
1061 2566 1090 2643 7,
1113 2559 1169 2628 ubi
1190 2577 1237 2629 vs.
1261 2564 1288 2626 5.
1313 2560 1410 2628 tha·

182 2676 311 2742 bemus:
334 2671 382 2737 ἐπὶ
404 2673 559 2758 reciperet
586 2673 702 2763 Τινὴϊον
723 2672 871 2738 Ποντικὸν
893 2672 1031 2764 ἄρχοντα
1058 2671 1217 2748 ἐνιαυτοῢ;
1245 2671 1273 2738 is
1301 2674 1408 2763 autem

181 2783 309 2866 titulus,
344 2789 381 2851 ut
402 2803 440 2850 ex
461 2785 529 2868 ipso
551 2786 649 2866 patet,
673 2784 737 2850 341⁰
761 2783 874 2852 Abasc.
896 2784 1071 2869 paedotrib.
1094 2801 1177 2851 anno
1199 2782 1219 2848 i.
1243 2801 1269 2850 e.
1294 2801 1322 2849 a.
1347 2787 1404 2849 171

180 2901 238 2984 est¹
253 2901 409 2963 exaratus.
453 2896 589 2963 Proinde
610 2914 640 2964 a.
665 2900 726 2962 170
747 2895 919 2980 praecessit
941 2894 995 2963 ille
1017 2895 1143 2963 archon.
1178 2895 1291 2978 Itaque
1313 2893 1409 2960 etiam

180 3007 222 3073 tit
244 3006 324 3073 91.
350 3011 410 3072 192
433 3004 497 3090 (ἐπὶ
518 3005 672 3096 ἄρχοντος
698 3005 815 3096 Τινηΐοο
837 3005 986 3071 Ποντικοῦ
1009 3006 1171 3095 Βηοεέως)
1194 3010 1223 3073 a.
1248 3008 1319 3088 170,
1333 3002 1408 3071 (1.1.

181 3121 245 3184 193
279 3115 342 3198 (ἐπὶ
374 3120 428 3181 τοῦ
458 3118 540 3202 μετὰ
579 3118 712 3208 Tetradion
745 3117 893 3183 Ποντικὸν
926 3116 1064 3207 ἄρχοντα
1096 3114 1252 3196 ἐνιαυτοῦ)
1286 3136 1315 3184 a.
1346 3120 1405 3183 171

179 3229 320 3312 scriptus
341 3233 399 3296 881.

269 3367 349 3435 (ium
369 3386 455 3449 vero,
477 3367 510 3434 id
533 3368 618 3449 quod
638 3366 816 3436 Boechhius
838 3368 880 3436 ad
893 3367 942 3434 tit.
958 3365 993 3434 O.
1009 3366 1034 3434 1
1053 3369 1115 3432 190
1129 3364 1255 3449 copiose
1283 3363 1410 3432 demon·

179 3477 304 3558 stravit
334 3477 425 3543 multi
446 3477 589 3545 homines
614 3478 670 3560 qui
690 3478 723 3545 in
745 3477 781 3546 0.
803 3479 829 3544 1.
855 3479 926 3557 190,
950 3482 1021 3558 191,
1045 3479 1116 3558 199,
1144 3479 1204 3542 193
1227 3479 1410 3558 comparent

180 3587 316 3654 redeant
337 3588 371 3653 in
399 3586 556 3655 11101.
582 3593 652 3670 181,
678 3593 833 3671 185,188
867 3589 934 3671 (ubi
964 3587 1081 3655 archon
1113 3586 1345 3669 Demostratus)
1364 3590 1410 3653 'et

182 3702 244 3764 194
267 3698 395 3780 (archon
418 3703 467 3765 est
487 3699 708 3767 Athenodorus
723 3699 851 3766 Asmeni
878 3697 922 3765 fil.
941 3699 1089 3776 111118),
1107 3697 1141 3762 hi
1163 3695 1247 3764 tituli
1268 3696 1409 3779 proxime

180 3808 221 3875 ab
244 3807 306 3874 illis
329 3809 475 3876 videntur
496 3809 617 3877 abesse.
651 3811 763 3891 Itaque
784 3810 1004 3876 Demostratus
1026 3807 1161 3875 fortasse
1182 3806 1407 3889 817911111-

178 3918 318 3986 nodorus
340 3919 412 3987 fort.
436 3939 465 3987 a.
490 3926 550 3987 173
572 3924 629 3986 aut
649 3920 701 3987 hic
723 3939 752 3986 a.
778 3924 849 4002 179,
871 3919 924 3986 ille
946 3938 974 3987 a.
988 3923 1060 4002 173,
1082 3918 1248 3987 archontes
1270 3916 1406 3985 fuerunt.

180 4030 330 4098 diserte
353 4030 436 4098 circa
456 4032 515 4098 hos
540 4049 639 4099 annos
661 4030 798 4115 ponendi
820 4034 903 4097 sunt.
924 4066 968 4080 -

248 4165 446 4234 Abascantus
478 4171 586 4235 autem
618 4185 647 4234 a.
673 4171 730 4232 171
756 4172 814 4234 aut
844 4186 873 4234 a.
900 4171 960 4234 179
992 4170 1136 4236 mortuus
1168 4167 1294 4236 uidetur
1326 4184 1407 4235 esse.

178 4278 291 4361 Neque
313 4279 396 4345 enim
417 4279 502 4345 ultre
522 4280 583 4346 hoc
611 4282 737 4363 tempus
760 4279 816 4345 ulli
838 4283 964 4345 exstant
992 4279 1077 4345 tituli
1105 4278 1221 4361 quibus
1243 4278 1408 4345 exhibetur

179 4393 223 4470 et,
245 4388 331 4469 quod
353 4404 449 4471 supra
469 4389 533 4455 iam
555 4388 846 4470 demonstrauimus,
867 4406 990 4455 summa
1010 4390 1070 4457 hoo
1091 4393 1232 4473 tempore
1245 4393 1408 4457 senectute

63 4556 67 4565 .
179 4499 242 4566 iam
264 4497 380 4566 floruit.
424 4500 566 4582 Denique
587 4499 660 4569 hinc
682 4500 748 4569 iere
769 4500 920 4584 temporis
943 4519 1044 4586 usqne
1073 4500 1114 4566 ad
1137 4499 1299 4567 Commodi
1326 4518 1407 4567 mor·

178 4613 243 4677 tem
271 4615 321 4689 (a.
353 4610 520 4690 19911111
557 4611 635 4679 certi
668 4611 797 4696 quidam
828 4612 1032 4696 paedotribae
1066 4611 1211 4696 perpetui
1244 4609 1276 4677 in
1306 4608 1407 4677 titulis
