3510 5304
693 483 735 500 ..
780 450 830 516 19·
861 483 916 503 ..a

180 636 251 703 Iam
272 635 404 721 singrrlis
426 635 517 704 annis
538 639 631 704 notas
652 633 807 718 quasdam
828 634 1065 720 subiungamus.

267 745 324 810 Ad
344 769 375 814 a
401 747 475 813 138.
498 747 537 814 cf.
560 765 642 831 quae
663 765 761 830 supra
781 765 853 830 pag.
878 752 979 813 1-11
1004 746 1218 814 disseruimus.

269 855 326 922 Ad
345 881 376 925 ο.
402 859 584 924 139-110.
628 857 700 925 Huc
722 862 901 940 spectantes
922 857 1007 925 tituli
1029 876 1092 925 non
1114 863 1248 926 emtant.

267 967 324 1033 Ad
343 991 373 1035 a.
399 970 471 1034 ill.
516 966 664 1035 cosmeta
695 967 858 1057 Ἀρχέλαος
893 967 1091 1033 Ἀπολλωνίου
1129 967 1296 1056 Πειραιεύς
1327 970 1410 1037 redit

183 1081 217 1147 in
240 1081 289 1148 tit
312 1078 346 1148 0.
369 1082 395 1147 Ι.
418 1084 481 1147 258
503 1086 537 1148 et
557 1079 649 1148 audit
669 1080 724 1160 ibi>
752 1079 855 1166 ἱερεὺς
875 1079 1025 1152 Εὐκλείας
1045 1081 1093 1144 καὶ
1114 1079 1276 1166 Εὐνομίας.
1321 1082 1409 1148 Idem

181 1212 257 1262 vera
278 1194 371 1261 homo
394 1197 557 1281 comparet*
581 1193 615 1259 in
636 1192 685 1259 tit
709 1191 743 1258 O.
767 1193 794 1258 Ι.
817 1197 880 1259 270
912 1210 958 1259 vs.
982 1192 1022 1259 23
1055 1191 1137 1259 inter
1169 1192 1321 1275 ephebos3
1354 1193 1409 1276 qui

182 1305 294 1372 tltulus
324 1307 460 1388 scriptus
490 1310 540 1373 est
566 1305 625 1371 sub
655 1304 804 1371 archonte
826 1304 861 1370 0.
883 1305 964 1371 Iulio
999 1304 1108 1370 Casula
1141 1302 1301 1385 Stiriensi,
1336 1323 1409 1387 pue

181 1416 306 1484 dotriba
327 1417 474 1484 Aristone
495 1415 677 1499 Aphrodisii
698 1415 740 1491 fil.
764 1416 966 1483 Rhamnusio.
1011 1418 1055 1482 At
1081 1416 1220 1483 incertus
1248 1415 1408 1482 archontis

180 1545 291 1596 annus.
332 1528 444 1608 Itaque
472 1545 531 1610 ope
552 1526 637 1592 tituli
660 1525 723 1593 Φιλ.
747 1525 774 1607 Ι,
799 1531 860 1592 164
882 1531 1006 1609 tempus
1027 1527 1060 1593 in
1075 1528 1257 1594 universum
1279 1526 1407 1608 quidem

180 1638 417 1721 expediendum.
462 1639 543 1706 Nam
565 1656 638 1706 cum
662 1639 717 1720 qui
746 1639 798 1707 hic
820 1644 958 1706 cosmeta
985 1639 1048 1705 ium
1071 1643 1121 1706 est
1147 1638 1192 1706 ibi
1217 1640 1300 1704 inter
1322 1638 1407 1719 ipsos

181 1750 320 1832 ephebos
341 1755 552 1832 recenseatur,
581 1750 758 1818 necessario
788 1749 921 1818 efficitur
948 1749 1015 1818 fere
1037 1754 1079 1816 20
1100 1769 1200 1817 annos
1226 1748 1407 1815 interiectos

179 1878 251 1928 esse
272 1862 357 1928 inter
376 1865 547 1945 utrumque
567 1862 705 1929 titulum.
750 1863 864 1943 Itaque
886 1863 969 1928 circa
997 1881 1026 1928 a.
1051 1865 1112 1927 120
1133 1881 1164 1944 p.
1186 1858 1261 1927 Ohr.
1283 1860 1336 1926 ille
1357 1859 1406 1925 tit

183 1969 233 2054 (0.
257 1958 383 2058 1270)
405 1976 456 2038 est
476 1973 622 2055 sculptus.
667 1968 759 2052 Quod
782 1972 860 2039 bene
882 1991 953 2038 cum
973 1990 1010 2039 eo
1033 1972 1179 2056 congrnIt
1199 1971 1284 2054 quod
1308 1970 1353 2036 ibi
1373 1969 1406 2034 in

179 2082 490 2165 gymnasiarchorum
519 2083 664 2165 catalogo
693 2082 735 2148 ad
759 2082 977 2150 intercalarem
1004 2101 1143 2150 mensem
1169 2081 1406 2165 significandum

180 2195 353 2263 etiamtunc
376 2195 544 2262 adhibetur
564 2191 745 2263 Ποσειδεὼν
765 2187 799 2277 ,ὅ
816 2194 869 2272 (cf.
892 2213 939 2260 us.
957 2195 1021 2280 13),
1047 2194 1185 2261 noudum
1214 2192 1405 2278 Ἆὸριαυιώνε

179 2305 226 2372 sic
247 2306 330 2371 enim
351 2306 574 2372 embolimaeus
595 2304 713 2372 mensis
734 2305 807 2372 inde
828 2305 869 2371 ab
891 2305 1046 2371 Hadriani
1067 2308 1171 2372 aetate
1193 2322 1293 2388 usque
1314 2305 1347 2369 in
1367 2303 1407 2369 ti·

179 2416 422 2491 tulisvocatur3
451 2418 507 2500 qui
527 2433 595 2482 mos
627 2414 798 2483 Invaluisse
820 2417 947 2483 videtur
969 2416 1062 2483 slmul
1107 2434 1178 2482 cum
1211 2412 1410 2480 Hadrianide'

178 2526 266 2592 tribu
287 2525 442 2607 instituta,
475 2525 610 2609 quodsi
638 2543 702 2591 non
740 2526 841 2613 primo
875 2535 909 2592 at
940 2526 1049 2608 primis
1081 2529 1188 2592 tamen
1208 2524 1406 2611 Imperatoris

178 2634 334 2702 Hadriani
355 2637 447 2703 annis
468 2634 587 2702 lactum
617 2654 686 2703 esse
707 2637 826 2703 volunt.
871 2637 939 2702 Iam
961 2656 1035 2703 vero
1057 2654 1121 2702 nou
1142 2635 1244 2702 solum
1273 2634 1356 2700 circa
1376 2654 1405 2701 a.

181 2746 243 2812 120
264 2764 374 2812 acrum
388 2744 523 2814 fortasse
536 2747 604 2829 ipso
620 2766 647 2812 a
667 2750 729 2813 120
743 2745 796 2812 ille
810 2745 923 2812 titulus
938 2746 1073 2829 scriptus
1088 2747 1144 2812 sit:
1166 2743 1195 2811 is
1209 2746 1292 2812 enim
1305 2762 1406 2810 annus

178 2875 290 2924 revera
312 2875 351 2924 ex
372 2857 536 2940 Callippici
557 2857 636 2940 cycli
657 2857 780 2923 ratione
808 2861 857 2922 est
883 2856 1086 2924 intercalaris.
1138 2856 1334 2938 Quamquam
1360 2855 1406 2920 ia·

178 2971 285 3033 tutum
305 2972 534 3051 argumentum.
581 2966 645 3034 Sed
677 2972 763 3034 certo
797 2968 881 3033 cioca
912 2987 942 3033 a.
968 2972 1029 3032 120
1051 2985 1080 3048 p.
1102 2965 1175 3034 Chr.
1226 2967 1264 3032 In
1296 2965 1406 3032 eodem

177 3078 272 3145 titulo
296 3077 346 3164 (O.
368 3079 394 3144 Ι.
417 3083 494 3157 210)
516 3078 601 3145 Inter
622 3077 790 3147 παιδευτάς
810 3079 830 3143 i.
852 3097 880 3144 e.
909 3077 1101 3161 epheborum
1128 3077 1295 3160 magistros
1324 3095 1405 3142 oom-

176 3188 502 3272 puerascerem<
528 3184 692 3273 Εὐμόλπου
720 3186 892 3276 Κηφισιεύς
919 3194 1031 3271 estque
1051 3188 1096 3255 ibi
1117 3189 1185 3254 sine
1207 3187 1301 3254 dublo
1332 3186 1404 3250 ὑπο-

178 3298 393 3387 παιδοτρίβης,
416 3298 618 3381 quodetiam
640 3298 901 3380 DIttenbergerus
925 3298 959 3380 (l.
980 3299 1003 3362 l.
1017 3316 1088 3380 pag.
1105 3303 1145 3364 39
1167 3302 1232 3364 not.
1259 3299 1312 3381 10)
1335 3316 1405 3363 cen-

180 3414 242 3476 set.
285 3411 397 3493 Itaque
418 3409 482 3474 iam
503 3412 579 3489 tum,
602 3409 635 3475 id
655 3408 740 3489 quod
762 3408 925 3474 minImum
947 3411 1004 3484 est
1028 3412 1154 3473 20-25
1175 3426 1275 3475 annos
1295 3413 1405 3474 natum

177 3519 277 3586 fuisse
299 3536 371 3586 eum
392 3523 527 3602 oportet
571 3518 707 3586 Proinde
732 3538 762 3585 a.
787 3523 858 3598 171,
880 3535 943 3600 quo
967 3523 1046 3585 34¹¹¹²¹
1067 3537 1196 3584 annum
1210 3537 1324 3587 munus
1352 3538 1404 3585 ou·

176 3633 239 3709 rat,
260 3629 327 3696 fere
350 3633 516 3694 70-75um
539 3628 655 3695 aetatis
677 3647 794 3694 annum
817 3629 920 3711 egisse
941 3646 1013 3694 eum
1035 3626 1178 3695 efficitur.
1222 3629 1301 3695 Inde
1328 3647 1403 3694 vero

175 3737 214 3805 fit
229 3744 475 3807 consentaneum
485 3738 569 3806 ultra
583 3757 612 3805 a.
631 3744 689 3805 171
702 3739 782 3805 haut
794 3739 841 3805 ita
856 3739 985 3822 longum
1001 3742 1125 3822 tempus
1137 3757 1209 3805 enm
1223 3740 1347 3805 vixisse.
1361 3756 1422 3787 -·

263 3850 388 3917 Archon
418 3869 447 3918 a.
477 3855 536 3916 141
572 3854 621 3916 est
655 3847 709 3917 dl.
735 3845 926 3936 Ἀλκιβιάδης
956 3847 1135 3925 Honorabo
1174 3849 1257 3918 idem
1289 3850 1404 3916 erchon

178 3967 339 4045 comparet
359 3962 393 4027 in
414 3961 507 4027 titulo
529 3961 666 4042 quodam
688 3959 774 4027 edito
795 3961 828 4026 in
852 3956 991 4047 »Ἀθηνᾶ
1013 3961 1293 4043 25.hag.1860«,
1315 3961 1405 4026 cuius

176 4072 390 4154 inscriptionis
412 4071 626 4154 inspiciendae
647 4071 737 4137 nobis
759 4089 822 4138 non
844 4077 915 4138 eret
938 4073 1036 4154 copia
1080 4072 1169 4139 Idem
1196 4073 1289 4138 homo
1316 4090 1405 4155 prae·

177 4187 270 4248 terea
290 4183 429 4249 occurrit
450 4181 546 4248 etiam
567 4181 650 4247 inter
676 4186 826 4264 prytanes
848 4182 881 4247 in
913 4182 962 4248 tit.
986 4180 1020 4246 0.
1043 4182 1068 4247 Ι.
1093 4186 1164 4263 196,
1198 4182 1287 4249 cuius
1320 4183 1417 4248 tituli

177 4298 303 4376 tempus
331 4294 377 4361 sin
405 4310 487 4360 nunc
515 4290 678 4358 definitum
706 4296 765 4358 est.
798 4328 841 4338 -
885 4292 975 4358 Idem
1004 4292 1140 4373 denique
1173 4294 1289 4360 archon
1320 4294 1404 4359 inve-

178 4404 266 4470 m'tur
297 4404 332 4469 in
364 4402 416 4489 ἐφ.
439 4402 510 4493 ἀρχ.
533 4421 585 4469 no.
607 4406 693 4469 4008
727 4400 780 4484 (cf.
803 4402 884 4468 Mus.
905 4403 1048 4469 Rhenen.
1071 4401 1221 4484 XXVIII,
1254 4423 1325 4486 pag.
1349 4408 1404 4481 05)

179 4516 235 4584 ubi
254 4517 422 4585 habemus:
444 4515 525 4605 ἧέξ
543 4515 660 4603 Ἀρείου
690 4516 791 4597 πάγου
818 4514 919 4603 βουλὴ
950 4515 999 4578 καὶ
1020 4516 1040 4603 ὴ
1063 4514 1189 4603 βουλὴ
1211 4517 1287 4577 πῶυ
1309 4516 1341 4578 X
1358 4510 1421 4577 aul*

181 4632 199 4694 ὁ
222 4627 326 4717 δῆμος
347 4626 400 4693 τὸν
421 4626 585 4715 ἐπώνυμον
607 4626 744 4718 ἄρχοντα
772 4627 828 4695 καὶ·
846 4625 935 4713 ἱερέα
955 4623 1106 4712 ,Δρούσου
1137 4623 1255 4759 ὑπάτου
1287 4624 1326 4689 Τι.
1351 4623 1405 4688 Φλ.

1217 4727 1235 4785 2
1417 4766 1420 4772 .
