<?xml version="1.0" encoding="UTF-8"?>
<!DOCTYPE html PUBLIC "-//W3C//DTD XHTML 1.0 Transitional//EN"
    "http://www.w3.org/TR/xhtml1/DTD/xhtml1-transitional.dtd">
<html xmlns="http://www.w3.org/1999/xhtml" xml:lang="en" lang="en">
 <head>
  <title>
</title>
<meta http-equiv="Content-Type" content="text/html;charset=utf-8" />
  <meta name='ocr-system' content='tesseract 3.04.00' />
  <meta name='ocr-capabilities' content='ocr_page ocr_carea ocr_par ocr_line ocrx_word'/>
</head>
<body>
  <div class='ocr_page' id='page_1' title='image "./commentationese01neubgoog_0088.png"; bbox 0 0 3510 5304; ppageno 0'>
   <div class='ocr_carea' id='block_1_1' title="bbox 681 405 1031 466">
    <p class='ocr_par' dir='ltr' id='par_1_1' title="bbox 681 405 1031 466">
     <span class='ocr_line' id='line_1_1' title="bbox 681 405 1031 466; baseline -0.026 0"><span class='ocrx_word' id='word_1_1' title='bbox 681 405 1031 466; x_wconf 82' lang='lat'><em>-77-.</em></span> 
     </span>
    </p>
   </div>
   <div class='ocr_carea' id='block_1_2' title="bbox 170 571 1412 2777">
    <p class='ocr_par' dir='ltr' id='par_1_2' title="bbox 173 571 1405 1882">
     <span class='ocr_line' id='line_1_2' title="bbox 173 571 1402 656; baseline -0.003 -14"><span class='ocrx_word' id='word_1_2' title='bbox 173 578 218 642; x_wconf 90' lang='lat' dir='ltr'><strong>Et</strong></span> <span class='ocrx_word' id='word_1_3' title='bbox 246 583 332 644; x_wconf 89' lang='lat' dir='ltr'><strong>recte</strong></span> <span class='ocrx_word' id='word_1_4' title='bbox 354 576 555 643; x_wconf 80' lang='lat' dir='ltr'><strong>Cumanudes</strong></span> <span class='ocrx_word' id='word_1_5' title='bbox 581 577 673 655; x_wconf 91' lang='lat' dir='ltr'><strong>putat</strong></span> <span class='ocrx_word' id='word_1_6' title='bbox 694 573 766 638; x_wconf 92' lang='lat' dir='ltr'><strong>huic</strong></span> <span class='ocrx_word' id='word_1_7' title='bbox 789 571 964 637; x_wconf 82' lang='lat' dir='ltr'><strong>custodiam</strong></span> <span class='ocrx_word' id='word_1_8' title='bbox 983 571 1239 638; x_wconf 83' lang='lat' dir='ltr'><strong>vestimentorum</strong></span> <span class='ocrx_word' id='word_1_9' title='bbox 1255 573 1295 638; x_wconf 87' lang='lat' dir='ltr'><strong>ab</strong></span> <span class='ocrx_word' id='word_1_10' title='bbox 1310 572 1402 656; x_wconf 92' lang='lat' dir='ltr'><strong>ephe-</strong></span> 
     </span>
     <span class='ocr_line' id='line_1_3' title="bbox 175 683 1402 770; baseline -0.004 -16"><span class='ocrx_word' id='word_1_11' title='bbox 175 690 227 754; x_wconf 92' lang='lat' dir='ltr'><strong>bis</strong></span> <span class='ocrx_word' id='word_1_12' title='bbox 243 689 456 770; x_wconf 88' lang='lat' dir='ltr'><strong>depositorum</strong></span> <span class='ocrx_word' id='word_1_13' title='bbox 468 685 646 751; x_wconf 86' lang='lat' dir='ltr'><strong>mandatam</strong></span> <span class='ocrx_word' id='word_1_14' title='bbox 661 683 767 757; x_wconf 86' lang='lat' dir='ltr'><strong>fuisse,</strong></span> <span class='ocrx_word' id='word_1_15' title='bbox 782 702 883 764; x_wconf 92' lang='lat' dir='ltr'><strong>neque</strong></span> <span class='ocrx_word' id='word_1_16' title='bbox 898 688 946 748; x_wconf 89' lang='lat' dir='ltr'><strong>est</strong></span> <span class='ocrx_word' id='word_1_17' title='bbox 960 683 1043 762; x_wconf 92' lang='lat' dir='ltr'><strong>quod</strong></span> <span class='ocrx_word' id='word_1_18' title='bbox 1057 683 1316 764; x_wconf 85' lang='lat' dir='ltr'><strong>Dittenbergerus</strong></span> <span class='ocrx_word' id='word_1_19' title='bbox 1331 684 1366 770; x_wconf 77' lang='lat' dir='ltr'><strong>(l.</strong></span> <span class='ocrx_word' id='word_1_20' title='bbox 1381 683 1402 749; x_wconf 88' lang='lat' dir='ltr'><strong>l.</strong></span> 
     </span>
     <span class='ocr_line' id='line_1_4' title="bbox 173 793 1404 884; baseline -0.008 -20"><span class='ocrx_word' id='word_1_21' title='bbox 173 818 248 881; x_wconf 83' lang='lat' dir='ltr'><strong>pag.</strong></span> <span class='ocrx_word' id='word_1_22' title='bbox 267 796 322 884; x_wconf 84' lang='lat'><strong>37)</strong></span> <span class='ocrx_word' id='word_1_23' title='bbox 338 799 503 878; x_wconf 82' lang='lat' dir='ltr'><strong>inpugnet.</strong></span> <span class='ocrx_word' id='word_1_24' title='bbox 527 797 608 861; x_wconf 90' lang='lat' dir='ltr'><strong>Item</strong></span> <span class='ocrx_word' id='word_1_25' title='bbox 623 794 778 879; x_wconf 73' lang='grc' dir='ltr'><strong>καῴιίριος</strong></span> <span class='ocrx_word' id='word_1_26' title='bbox 789 799 838 858; x_wconf 89' lang='lat' dir='ltr'><strong>est</strong></span> <span class='ocrx_word' id='word_1_27' title='bbox 848 793 980 858; x_wconf 91' lang='lat' dir='ltr'><strong>latinum</strong></span> <span class='ocrx_word' id='word_1_28' title='bbox 991 794 1176 859; x_wconf 87' lang='lat' dir='ltr'><strong>vocabulum</strong></span> <span class='ocrx_word' id='word_1_29' title='bbox 1194 795 1404 877; x_wconf 71' lang='lat' dir='ltr'><strong>»capsanus«,</strong></span> 
     </span>
     <span class='ocr_line' id='line_1_5' title="bbox 174 904 1402 992; baseline -0.007 -16"><span class='ocrx_word' id='word_1_30' title='bbox 174 910 260 992; x_wconf 90' lang='lat' dir='ltr'><strong>quod</strong></span> <span class='ocrx_word' id='word_1_31' title='bbox 282 910 366 992; x_wconf 88' lang='lat' dir='ltr'><strong>apud</strong></span> <span class='ocrx_word' id='word_1_32' title='bbox 380 910 537 973; x_wconf 85' lang='lat' dir='ltr'><strong>Romanos</strong></span> <span class='ocrx_word' id='word_1_33' title='bbox 560 907 728 987; x_wconf 82' lang='lat' dir='ltr'>scriptores</span> <span class='ocrx_word' id='word_1_34' title='bbox 750 905 867 985; x_wconf 84' lang='lat' dir='ltr'><strong>passim</strong></span> <span class='ocrx_word' id='word_1_35' title='bbox 888 904 1036 970; x_wconf 89' lang='lat' dir='ltr'><strong>occurrit.</strong></span> <span class='ocrx_word' id='word_1_36' title='bbox 1076 905 1169 988; x_wconf 83' lang='lat' dir='ltr'>Apud</span> <span class='ocrx_word' id='word_1_37' title='bbox 1185 905 1312 970; x_wconf 83' lang='lat' dir='ltr'><strong>Sueten.</strong></span> <span class='ocrx_word' id='word_1_38' title='bbox 1327 904 1402 971; x_wconf 86' lang='lat' dir='ltr'><strong>Ner.</strong></span> 
     </span>
     <span class='ocr_line' id='line_1_6' title="bbox 176 1006 1403 1099; baseline -0.006 -13"><span class='ocrx_word' id='word_1_39' title='bbox 176 1026 216 1086; x_wconf 84' lang='lat'><strong>36</strong></span> <span class='ocrx_word' id='word_1_40' title='bbox 238 1021 266 1086; x_wconf 91' lang='lat' dir='ltr'><strong>is</strong></span> <span class='ocrx_word' id='word_1_41' title='bbox 282 1038 391 1085; x_wconf 89' lang='lat' dir='ltr'><strong>servus</strong></span> <span class='ocrx_word' id='word_1_42' title='bbox 406 1020 464 1085; x_wconf 90' lang='lat' dir='ltr'><strong>hoc</strong></span> <span class='ocrx_word' id='word_1_43' title='bbox 482 1017 632 1083; x_wconf 88' lang='lat' dir='ltr'><strong>vocabulo</strong></span> <span class='ocrx_word' id='word_1_44' title='bbox 648 1014 851 1099; x_wconf 83' lang='lat' dir='ltr'><strong>significatur,</strong></span> <span class='ocrx_word' id='word_1_45' title='bbox 875 1017 928 1095; x_wconf 92' lang='lat' dir='ltr'><strong>qui</strong></span> <span class='ocrx_word' id='word_1_46' title='bbox 944 1006 1072 1098; x_wconf 83' lang='lat' dir='ltr'><strong>capsam</strong></span> <span class='ocrx_word' id='word_1_47' title='bbox 1092 1021 1222 1097; x_wconf 83' lang='lat' dir='ltr'><strong>gestans.</strong></span> <span class='ocrx_word' id='word_1_48' title='bbox 1241 1034 1356 1099; x_wconf 87' lang='lat' dir='ltr'><strong>pueros</strong></span> <span class='ocrx_word' id='word_1_49' title='bbox 1370 1017 1403 1080; x_wconf 93' lang='lat' dir='ltr'><strong>in</strong></span> 
     </span>
     <span class='ocr_line' id='line_1_7' title="bbox 174 1127 1404 1210; baseline -0.002 -14"><span class='ocrx_word' id='word_1_50' title='bbox 174 1131 314 1196; x_wconf 90' lang='lat' dir='ltr'><strong>scholam</strong></span> <span class='ocrx_word' id='word_1_51' title='bbox 329 1130 472 1197; x_wconf 88' lang='lat' dir='ltr'><strong>ducebat.</strong></span> <span class='ocrx_word' id='word_1_52' title='bbox 504 1128 567 1193; x_wconf 83' lang='lat' dir='ltr'><strong>Sed</strong></span> <span class='ocrx_word' id='word_1_53' title='bbox 582 1128 650 1209; x_wconf 83' lang='lat' dir='ltr'><strong>Dig.</strong></span> <span class='ocrx_word' id='word_1_54' title='bbox 670 1132 697 1204; x_wconf 78' lang='lat' dir='ltr'><strong>l,</strong></span> <span class='ocrx_word' id='word_1_55' title='bbox 716 1132 764 1206; x_wconf 86' lang='lat'><strong>15,</strong></span> <span class='ocrx_word' id='word_1_56' title='bbox 781 1132 807 1193; x_wconf 85' lang='lat'><strong>3.</strong></span> <span class='ocrx_word' id='word_1_57' title='bbox 831 1127 859 1210; x_wconf 64' lang='grc' dir='ltr'><strong>ξ.</strong></span> <span class='ocrx_word' id='word_1_58' title='bbox 878 1132 906 1190; x_wconf 85' lang='grc'><strong>5.</strong></span> <span class='ocrx_word' id='word_1_59' title='bbox 929 1127 1034 1193; x_wconf 87' lang='lat' dir='ltr'><strong>Edict.</strong></span> <span class='ocrx_word' id='word_1_60' title='bbox 1050 1127 1164 1193; x_wconf 89' lang='lat' dir='ltr'><strong>Domit.</strong></span> <span class='ocrx_word' id='word_1_61' title='bbox 1189 1145 1219 1206; x_wconf 88' lang='lat' dir='ltr'><strong>p.</strong></span> <span class='ocrx_word' id='word_1_62' title='bbox 1236 1132 1276 1191; x_wconf 81' lang='lat'><strong>22</strong></span> <span class='ocrx_word' id='word_1_63' title='bbox 1291 1127 1337 1192; x_wconf 88' lang='lat' dir='ltr'><strong>ita</strong></span> <span class='ocrx_word' id='word_1_64' title='bbox 1351 1145 1404 1193; x_wconf 92' lang='lat' dir='ltr'><strong>vo·</strong></span> 
     </span>
     <span class='ocr_line' id='line_1_8' title="bbox 174 1239 1405 1325; baseline -0.005 -15"><span class='ocrx_word' id='word_1_65' title='bbox 174 1249 266 1310; x_wconf 82' lang='lat' dir='ltr'><strong>catur</strong></span> <span class='ocrx_word' id='word_1_66' title='bbox 294 1244 321 1308; x_wconf 87' lang='lat' dir='ltr'><strong>is</strong></span> <span class='ocrx_word' id='word_1_67' title='bbox 350 1243 403 1325; x_wconf 89' lang='lat' dir='ltr'><strong>qui</strong></span> <span class='ocrx_word' id='word_1_68' title='bbox 430 1241 616 1306; x_wconf 87' lang='lat' dir='ltr'><strong>vestimenta</strong></span> <span class='ocrx_word' id='word_1_69' title='bbox 644 1239 677 1303; x_wconf 93' lang='lat' dir='ltr'><strong>in</strong></span> <span class='ocrx_word' id='word_1_70' title='bbox 706 1239 825 1304; x_wconf 86' lang='lat' dir='ltr'><strong>balneis</strong></span> <span class='ocrx_word' id='word_1_71' title='bbox 854 1239 1046 1304; x_wconf 82' lang='lat' dir='ltr'><strong>versantium</strong></span> <span class='ocrx_word' id='word_1_72' title='bbox 1077 1239 1283 1305; x_wconf 83' lang='lat' dir='ltr'><strong>custodiebat.</strong></span> <span class='ocrx_word' id='word_1_73' title='bbox 1327 1239 1405 1304; x_wconf 88' lang='lat' dir='ltr'><strong>Inde</strong></span> 
     </span>
     <span class='ocr_line' id='line_1_9' title="bbox 175 1350 1405 1433; baseline -0.002 -15"><span class='ocrx_word' id='word_1_74' title='bbox 175 1354 369 1419; x_wconf 87' lang='lat' dir='ltr'><strong>Cumanudis</strong></span> <span class='ocrx_word' id='word_1_75' title='bbox 410 1351 566 1418; x_wconf 89' lang='lat' dir='ltr'><strong>sententia</strong></span> <span class='ocrx_word' id='word_1_76' title='bbox 599 1350 827 1432; x_wconf 90' lang='lat' dir='ltr'><strong>conprobatur,</strong></span> <span class='ocrx_word' id='word_1_77' title='bbox 868 1368 970 1430; x_wconf 90' lang='lat' dir='ltr'><strong>neque</strong></span> <span class='ocrx_word' id='word_1_78' title='bbox 1012 1352 1150 1433; x_wconf 83' lang='lat' dir='ltr'><strong>cogitare</strong></span> <span class='ocrx_word' id='word_1_79' title='bbox 1191 1351 1263 1417; x_wconf 93' lang='lat' dir='ltr'><strong>licet</strong></span> <span class='ocrx_word' id='word_1_80' title='bbox 1295 1351 1334 1417; x_wconf 91' lang='lat' dir='ltr'><strong>de</strong></span> <span class='ocrx_word' id='word_1_81' title='bbox 1368 1369 1405 1416; x_wconf 90' lang='lat' dir='ltr'><strong>eo</strong></span> 
     </span>
     <span class='ocr_line' id='line_1_10' title="bbox 174 1461 1405 1545; baseline -0.002 -15"><span class='ocrx_word' id='word_1_82' title='bbox 174 1466 229 1545; x_wconf 91' lang='lat' dir='ltr'><strong>qui</strong></span> <span class='ocrx_word' id='word_1_83' title='bbox 253 1466 355 1530; x_wconf 91' lang='lat' dir='ltr'><strong>oleum</strong></span> <span class='ocrx_word' id='word_1_84' title='bbox 383 1465 415 1529; x_wconf 93' lang='lat' dir='ltr'><strong>in</strong></span> <span class='ocrx_word' id='word_1_85' title='bbox 443 1463 632 1529; x_wconf 90' lang='lat' dir='ltr'><strong>elaeothesio</strong></span> <span class='ocrx_word' id='word_1_86' title='bbox 662 1463 816 1545; x_wconf 81' lang='lat' dir='ltr'><strong>gymnasii</strong></span> <span class='ocrx_word' id='word_1_87' title='bbox 845 1462 1004 1527; x_wconf 89' lang='lat' dir='ltr'><strong>conditum</strong></span> <span class='ocrx_word' id='word_1_88' title='bbox 1035 1462 1238 1527; x_wconf 85' lang='lat' dir='ltr'><strong>custodiverit</strong></span> <span class='ocrx_word' id='word_1_89' title='bbox 1260 1466 1292 1527; x_wconf 90' lang='lat' dir='ltr'><strong>et</strong></span> <span class='ocrx_word' id='word_1_90' title='bbox 1314 1461 1405 1545; x_wconf 89' lang='lat' dir='ltr'><strong>ephe-</strong></span> 
     </span>
     <span class='ocr_line' id='line_1_11' title="bbox 174 1571 1404 1656; baseline -0.006 -14"><span class='ocrx_word' id='word_1_91' title='bbox 174 1579 223 1642; x_wconf 92' lang='lat' dir='ltr'><strong>bis</strong></span> <span class='ocrx_word' id='word_1_92' title='bbox 247 1577 460 1655; x_wconf 88' lang='lat' dir='ltr'><strong>distribuerit,</strong></span> <span class='ocrx_word' id='word_1_93' title='bbox 491 1576 574 1655; x_wconf 93' lang='lat' dir='ltr'><strong>quod</strong></span> <span class='ocrx_word' id='word_1_94' title='bbox 596 1574 696 1640; x_wconf 90' lang='lat' dir='ltr'><strong>voluit</strong></span> <span class='ocrx_word' id='word_1_95' title='bbox 717 1573 977 1654; x_wconf 82' lang='lat' dir='ltr'><strong>Dittenber·gerus</strong></span> <span class='ocrx_word' id='word_1_96' title='bbox 1004 1574 1023 1639; x_wconf 92' lang='lat' dir='ltr'><strong>l.</strong></span> <span class='ocrx_word' id='word_1_97' title='bbox 1047 1573 1066 1637; x_wconf 92' lang='lat' dir='ltr'><strong>l.</strong></span> <span class='ocrx_word' id='word_1_98' title='bbox 1080 1608 1083 1612; x_wconf 93' lang='lat'>·</span> <span class='ocrx_word' id='word_1_99' title='bbox 1099 1591 1170 1656; x_wconf 83' lang='lat' dir='ltr'><strong>pag.</strong></span> <span class='ocrx_word' id='word_1_100' title='bbox 1195 1578 1244 1638; x_wconf 83' lang='grc'><strong>37.</strong></span> <span class='ocrx_word' id='word_1_101' title='bbox 1270 1607 1312 1619; x_wconf 94' lang='lat'><strong>-—</strong></span> <span class='ocrx_word' id='word_1_102' title='bbox 1331 1571 1404 1636; x_wconf 79' lang='grc' dir='ltr'><em>Δεν·</em></span> 
     </span>
     <span class='ocr_line' id='line_1_12' title="bbox 175 1684 1405 1774; baseline -0.002 -22"><span class='ocrx_word' id='word_1_103' title='bbox 175 1691 297 1774; x_wconf 77' lang='grc' dir='ltr'><strong><em>τιάριος</em></strong></span> <span class='ocrx_word' id='word_1_104' title='bbox 323 1688 372 1754; x_wconf 80' lang='lat' dir='ltr'><strong>vel</strong></span> <span class='ocrx_word' id='word_1_105' title='bbox 403 1688 562 1772; x_wconf 72' lang='grc' dir='ltr'><strong>καῲάριος</strong></span> <span class='ocrx_word' id='word_1_106' title='bbox 590 1687 728 1754; x_wconf 75' lang='lat' dir='ltr'><strong>Occurrit</strong></span> <span class='ocrx_word' id='word_1_107' title='bbox 749 1687 845 1752; x_wconf 83' lang='lat' dir='ltr'><strong>etiam</strong></span> <span class='ocrx_word' id='word_1_108' title='bbox 870 1687 901 1751; x_wconf 88' lang='lat' dir='ltr'><strong>in</strong></span> <span class='ocrx_word' id='word_1_109' title='bbox 934 1685 996 1752; x_wconf 77' lang='lat' dir='ltr'><strong>dcl.</strong></span> <span class='ocrx_word' id='word_1_110' title='bbox 1023 1687 1049 1766; x_wconf 89' lang='lat' dir='ltr'><strong>l,</strong></span> <span class='ocrx_word' id='word_1_111' title='bbox 1072 1691 1152 1767; x_wconf 78' lang='lat'>523;</span> <span class='ocrx_word' id='word_1_112' title='bbox 1175 1685 1236 1767; x_wconf 88' lang='lat' dir='ltr'><strong>Ill,</strong></span> <span class='ocrx_word' id='word_1_113' title='bbox 1252 1690 1328 1760; x_wconf 76' lang='lat'><strong>3563</strong></span> <span class='ocrx_word' id='word_1_114' title='bbox 1350 1684 1405 1765; x_wconf 86' lang='lat' dir='ltr'><strong>IV,</strong></span> 
     </span>
     <span class='ocr_line' id='line_1_13' title="bbox 176 1800 540 1882; baseline -0.005 -18"><span class='ocrx_word' id='word_1_115' title='bbox 176 1804 250 1880; x_wconf 83' lang='grc'><strong>344,</strong></span> <span class='ocrx_word' id='word_1_116' title='bbox 272 1805 307 1882; x_wconf 79' lang='grc'><strong>4;</strong></span> <span class='ocrx_word' id='word_1_117' title='bbox 332 1800 375 1879; x_wconf 83' lang='lat'><strong>11,</strong></span> <span class='ocrx_word' id='word_1_118' title='bbox 402 1803 475 1863; x_wconf 74' lang='lat' dir='ltr'><strong>aas.</strong></span> <span class='ocrx_word' id='word_1_119' title='bbox 499 1834 540 1845; x_wconf 84' lang='lat'>-</span> 
     </span>
    </p>

    <p class='ocr_par' dir='ltr' id='par_1_3' title="bbox 170 1893 1412 2777">
     <span class='ocr_line' id='line_1_14' title="bbox 262 1893 1407 1993; baseline -0.003 -18"><span class='ocrx_word' id='word_1_120' title='bbox 262 1911 378 1977; x_wconf 86' lang='lat' dir='ltr'><strong>Restat</strong></span> <span class='ocrx_word' id='word_1_121' title='bbox 409 1912 544 1993; x_wconf 87' lang='lat' dir='ltr'><strong>denique</strong></span> <span class='ocrx_word' id='word_1_122' title='bbox 571 1916 607 1975; x_wconf 91' lang='lat' dir='ltr'><strong>ut</strong></span> <span class='ocrx_word' id='word_1_123' title='bbox 635 1911 674 1976; x_wconf 90' lang='lat' dir='ltr'><strong>de</strong></span> <span class='ocrx_word' id='word_1_124' title='bbox 702 1928 784 1975; x_wconf 90' lang='lat' dir='ltr'><strong>anno</strong></span> <span class='ocrx_word' id='word_1_125' title='bbox 813 1909 1023 1990; x_wconf 85' lang='lat' dir='ltr'><strong>inscriptionis</strong></span> <span class='ocrx_word' id='word_1_126' title='bbox 1052 1910 1221 1975; x_wconf 86' lang='lat' dir='ltr'><strong>videamus.</strong></span> <span class='ocrx_word' id='word_1_127' title='bbox 1271 1893 1407 1973; x_wconf 88' lang='lat' dir='ltr'><strong>Helvidii</strong></span> 
     </span>
     <span class='ocr_line' id='line_1_15' title="bbox 177 2019 1405 2102; baseline -0.002 -15"><span class='ocrx_word' id='word_1_128' title='bbox 177 2021 315 2088; x_wconf 85' lang='lat' dir='ltr'><strong>Secundi</strong></span> <span class='ocrx_word' id='word_1_129' title='bbox 345 2023 503 2088; x_wconf 89' lang='lat' dir='ltr'><strong>archontis</strong></span> <span class='ocrx_word' id='word_1_130' title='bbox 531 2040 632 2087; x_wconf 87' lang='lat' dir='ltr'><strong>annus</strong></span> <span class='ocrx_word' id='word_1_131' title='bbox 661 2020 786 2086; x_wconf 90' lang='lat' dir='ltr'><strong>aliunde</strong></span> <span class='ocrx_word' id='word_1_132' title='bbox 816 2039 879 2086; x_wconf 92' lang='lat' dir='ltr'><strong>non</strong></span> <span class='ocrx_word' id='word_1_133' title='bbox 910 2025 1042 2086; x_wconf 91' lang='lat' dir='ltr'><strong>constat.</strong></span> <span class='ocrx_word' id='word_1_134' title='bbox 1089 2020 1254 2087; x_wconf 85' lang='lat' dir='ltr'><strong>Semitelos</strong></span> <span class='ocrx_word' id='word_1_135' title='bbox 1280 2019 1332 2102; x_wconf 86' lang='lat' dir='ltr'><strong>(ad</strong></span> <span class='ocrx_word' id='word_1_136' title='bbox 1355 2019 1405 2085; x_wconf 88' lang='lat' dir='ltr'><strong>tit.</strong></span> 
     </span>
     <span class='ocr_line' id='line_1_16' title="bbox 170 2130 1406 2221; baseline 0.001 -26"><span class='ocrx_word' id='word_1_137' title='bbox 170 2130 248 2218; x_wconf 83' lang='grc' dir='ltr'><strong>Ἕφ.</strong></span> <span class='ocrx_word' id='word_1_138' title='bbox 271 2133 342 2221; x_wconf 74' lang='grc' dir='ltr'><strong>ἀρχ.</strong></span> <span class='ocrx_word' id='word_1_139' title='bbox 367 2156 436 2218; x_wconf 79' lang='grc' dir='ltr'><strong>περ.</strong></span> <span class='ocrx_word' id='word_1_140' title='bbox 460 2134 496 2197; x_wconf 92' lang='grc' dir='ltr'><strong>Β.</strong></span> <span class='ocrx_word' id='word_1_141' title='bbox 522 2133 595 2215; x_wconf 85' lang='grc'>199)</span> <span class='ocrx_word' id='word_1_142' title='bbox 620 2138 726 2198; x_wconf 90' lang='lat' dir='ltr'><strong>censet</strong></span> <span class='ocrx_word' id='word_1_143' title='bbox 740 2133 959 2214; x_wconf 83' lang='lat' dir='ltr'><strong>gravissimum</strong></span> <span class='ocrx_word' id='word_1_144' title='bbox 975 2132 1124 2215; x_wconf 90' lang='lat' dir='ltr'><strong>temporis</strong></span> <span class='ocrx_word' id='word_1_145' title='bbox 1139 2131 1287 2197; x_wconf 92' lang='lat' dir='ltr'><strong>indicium</strong></span> <span class='ocrx_word' id='word_1_146' title='bbox 1303 2131 1406 2196; x_wconf 89' lang='lat' dir='ltr'><strong>inesse</strong></span> 
     </span>
     <span class='ocr_line' id='line_1_17' title="bbox 176 2241 1406 2327; baseline 0.001 -20"><span class='ocrx_word' id='word_1_147' title='bbox 176 2245 209 2309; x_wconf 89' lang='lat' dir='ltr'><strong>in</strong></span> <span class='ocrx_word' id='word_1_148' title='bbox 232 2245 389 2308; x_wconf 87' lang='lat' dir='ltr'><strong>mentione</strong></span> <span class='ocrx_word' id='word_1_149' title='bbox 411 2243 595 2309; x_wconf 86' lang='lat' dir='ltr'><strong>sollennium</strong></span> <span class='ocrx_word' id='word_1_150' title='bbox 618 2243 908 2325; x_wconf 84' lang='lat' dir='ltr'><strong>Germaniceorum‚</strong></span> <span class='ocrx_word' id='word_1_151' title='bbox 933 2245 1131 2327; x_wconf 85' lang='lat' dir='ltr'><strong>quippequae</strong></span> <span class='ocrx_word' id='word_1_152' title='bbox 1153 2263 1224 2310; x_wconf 93' lang='lat' dir='ltr'><strong>cum</strong></span> <span class='ocrx_word' id='word_1_153' title='bbox 1247 2241 1406 2308; x_wconf 82' lang='lat' dir='ltr'><strong>Boeclrhio</strong></span> 
     </span>
     <span class='ocr_line' id='line_1_18' title="bbox 176 2353 1406 2438; baseline 0.001 -20"><span class='ocrx_word' id='word_1_154' title='bbox 176 2359 304 2420; x_wconf 89' lang='lat' dir='ltr'><strong>revocet</strong></span> <span class='ocrx_word' id='word_1_155' title='bbox 325 2356 366 2419; x_wconf 87' lang='lat' dir='ltr'><strong>ad</strong></span> <span class='ocrx_word' id='word_1_156' title='bbox 382 2353 588 2437; x_wconf 78' lang='lat' dir='ltr'><strong>Caracallam3</strong></span> <span class='ocrx_word' id='word_1_157' title='bbox 612 2355 697 2435; x_wconf 88' lang='lat' dir='ltr'><strong>quod</strong></span> <span class='ocrx_word' id='word_1_158' title='bbox 718 2353 786 2421; x_wconf 88' lang='lat' dir='ltr'><strong>fieri</strong></span> <span class='ocrx_word' id='word_1_159' title='bbox 808 2373 870 2420; x_wconf 91' lang='lat' dir='ltr'><strong>non</strong></span> <span class='ocrx_word' id='word_1_160' title='bbox 892 2373 985 2438; x_wconf 88' lang='lat' dir='ltr'><strong>posse</strong></span> <span class='ocrx_word' id='word_1_161' title='bbox 1001 2373 1096 2437; x_wconf 90' lang='lat' dir='ltr'><strong>supra</strong></span> <span class='ocrx_word' id='word_1_162' title='bbox 1111 2353 1406 2421; x_wconf 77' lang='lat' dir='ltr'><strong>demonstravimus,</strong></span> 
     </span>
     <span class='ocr_line' id='line_1_19' title="bbox 177 2462 1408 2548; baseline 0 -19"><span class='ocrx_word' id='word_1_163' title='bbox 177 2467 225 2531; x_wconf 86' lang='lat' dir='ltr'><strong>Ac</strong></span> <span class='ocrx_word' id='word_1_164' title='bbox 246 2485 286 2531; x_wconf 91' lang='lat' dir='ltr'><strong>ne</strong></span> <span class='ocrx_word' id='word_1_165' title='bbox 308 2465 601 2548; x_wconf 91' lang='lat' dir='ltr'><strong>Philadelpheorum</strong></span> <span class='ocrx_word' id='word_1_166' title='bbox 623 2466 750 2548; x_wconf 92' lang='lat' dir='ltr'><strong>quidem</strong></span> <span class='ocrx_word' id='word_1_167' title='bbox 772 2466 929 2533; x_wconf 91' lang='lat' dir='ltr'><strong>mentione</strong></span> <span class='ocrx_word' id='word_1_168' title='bbox 951 2466 1132 2532; x_wconf 73' lang='lat' dir='ltr'><strong>caracallae</strong></span> <span class='ocrx_word' id='word_1_169' title='bbox 1161 2470 1299 2531; x_wconf 87' lang='lat' dir='ltr'><strong>aetatem</strong></span> <span class='ocrx_word' id='word_1_170' title='bbox 1327 2462 1408 2530; x_wconf 89' lang='lat' dir='ltr'><strong>effici</strong></span> 
     </span>
     <span class='ocr_line' id='line_1_20' title="bbox 179 2574 1407 2659; baseline 0 -19"><span class='ocrx_word' id='word_1_171' title='bbox 179 2577 258 2641; x_wconf 93' lang='lat' dir='ltr'><strong>item</strong></span> <span class='ocrx_word' id='word_1_172' title='bbox 280 2593 376 2658; x_wconf 90' lang='lat' dir='ltr'><strong>supra</strong></span> <span class='ocrx_word' id='word_1_173' title='bbox 399 2576 571 2641; x_wconf 89' lang='lat' dir='ltr'><strong>docuimus.</strong></span> <span class='ocrx_word' id='word_1_174' title='bbox 608 2577 678 2643; x_wconf 81' lang='lat' dir='ltr'><strong>Alio</strong></span> <span class='ocrx_word' id='word_1_175' title='bbox 701 2576 831 2659; x_wconf 90' lang='lat' dir='ltr'><strong>proinde</strong></span> <span class='ocrx_word' id='word_1_176' title='bbox 853 2577 944 2643; x_wconf 91' lang='lat' dir='ltr'><strong>modo</strong></span> <span class='ocrx_word' id='word_1_177' title='bbox 966 2585 1090 2657; x_wconf 88' lang='lat' dir='ltr'><strong>tempus</strong></span> <span class='ocrx_word' id='word_1_178' title='bbox 1114 2580 1164 2642; x_wconf 92' lang='lat' dir='ltr'><strong>est</strong></span> <span class='ocrx_word' id='word_1_179' title='bbox 1187 2574 1407 2643; x_wconf 88' lang='lat' dir='ltr'><strong>definiendum.</strong></span> 
     </span>
     <span class='ocr_line' id='line_1_21' title="bbox 180 2687 1412 2777; baseline 0.001 -26"><span class='ocrx_word' id='word_1_180' title='bbox 180 2687 403 2753; x_wconf 91' lang='lat' dir='ltr'><strong>Paedotribam</strong></span> <span class='ocrx_word' id='word_1_181' title='bbox 425 2689 507 2753; x_wconf 91' lang='lat' dir='ltr'><strong>enim</strong></span> <span class='ocrx_word' id='word_1_182' title='bbox 521 2688 761 2777; x_wconf 86' lang='lat' dir='ltr'><strong>Nicostratum,</strong></span> <span class='ocrx_word' id='word_1_183' title='bbox 791 2707 861 2754; x_wconf 90' lang='lat' dir='ltr'><strong>eum</strong></span> <span class='ocrx_word' id='word_1_184' title='bbox 884 2693 977 2754; x_wconf 90' lang='lat' dir='ltr'><strong>antea</strong></span> <span class='ocrx_word' id='word_1_185' title='bbox 998 2688 1111 2755; x_wconf 89' lang='lat' dir='ltr'><strong>fuisset</strong></span> <span class='ocrx_word' id='word_1_186' title='bbox 1131 2688 1412 2771; x_wconf 77' lang='lat' dir='ltr'><strong>hypopaedotriba,</strong></span> 
     </span>
    </p>
   </div>
   <div class='ocr_carea' id='block_1_3' title="bbox 179 2774 1409 2912">
    <p class='ocr_par' dir='ltr' id='par_1_4' title="bbox 179 2774 1409 2912">
     <span class='ocr_line' id='line_1_22' title="bbox 179 2774 1409 2912; baseline 0 -41"><span class='ocrx_word' id='word_1_187' title='bbox 179 2825 209 2871; x_wconf 86' lang='lat' dir='ltr'><strong>a.</strong></span> <span class='ocrx_word' id='word_1_188' title='bbox 239 2774 292 2912; x_wconf 40' lang='grc' dir='ltr'>ἕ</span> <span class='ocrx_word' id='word_1_189' title='bbox 313 2827 343 2889; x_wconf 92' lang='lat' dir='ltr'><strong>p.</strong></span> <span class='ocrx_word' id='word_1_190' title='bbox 368 2806 440 2873; x_wconf 84' lang='lat' dir='ltr'><strong>Chr.</strong></span> <span class='ocrx_word' id='word_1_191' title='bbox 464 2808 495 2872; x_wconf 93' lang='lat' dir='ltr'><strong>in</strong></span> <span class='ocrx_word' id='word_1_192' title='bbox 517 2807 653 2890; x_wconf 86' lang='lat' dir='ltr'><strong>Epicteti</strong></span> <span class='ocrx_word' id='word_1_193' title='bbox 675 2808 878 2891; x_wconf 88' lang='lat' dir='ltr'><strong>paedotribae</strong></span> <span class='ocrx_word' id='word_1_194' title='bbox 907 2809 1009 2875; x_wconf 89' lang='lat' dir='ltr'><strong>locum</strong></span> <span class='ocrx_word' id='word_1_195' title='bbox 1032 2809 1221 2874; x_wconf 87' lang='lat' dir='ltr'><strong>successisse</strong></span> <span class='ocrx_word' id='word_1_196' title='bbox 1246 2806 1409 2890; x_wconf 88' lang='lat' dir='ltr'><strong>probabile</strong></span> 
     </span>
    </p>
   </div>
   <div class='ocr_carea' id='block_1_4' title="bbox 181 2894 1410 3033">
    <p class='ocr_par' dir='ltr' id='par_1_5' title="bbox 181 2894 1410 3033">
     <span class='ocr_line' id='line_1_23' title="bbox 181 2894 1410 3033; baseline 0.004 -44"><span class='ocrx_word' id='word_1_197' title='bbox 181 2926 311 2991; x_wconf 88' lang='lat' dir='ltr'><strong>reddam</strong></span> <span class='ocrx_word' id='word_1_198' title='bbox 340 2928 374 2991; x_wconf 93' lang='lat' dir='ltr'><strong>in</strong></span> <span class='ocrx_word' id='word_1_199' title='bbox 403 2926 479 3007; x_wconf 89' lang='lat' dir='ltr'><strong>Cap.</strong></span> <span class='ocrx_word' id='word_1_200' title='bbox 508 2929 565 2994; x_wconf 83' lang='lat' dir='ltr'><strong>XV</strong></span> <span class='ocrx_word' id='word_1_201' title='bbox 600 2928 641 2993; x_wconf 89' lang='lat' dir='ltr'><strong>ad</strong></span> <span class='ocrx_word' id='word_1_202' title='bbox 670 2929 717 2994; x_wconf 90' lang='lat' dir='ltr'><strong>tit.</strong></span> <span class='ocrx_word' id='word_1_203' title='bbox 750 2926 813 2993; x_wconf 76' lang='lat' dir='ltr'><strong>dcl.</strong></span> <span class='ocrx_word' id='word_1_204' title='bbox 842 2928 896 3009; x_wconf 90' lang='lat' dir='ltr'><strong>IV,</strong></span> <span class='ocrx_word' id='word_1_205' title='bbox 921 2933 991 3008; x_wconf 82' lang='lat'><strong>272,</strong></span> <span class='ocrx_word' id='word_1_206' title='bbox 1014 2933 1050 3011; x_wconf 83' lang='lat'><strong>33</strong></span> <span class='ocrx_word' id='word_1_207' title='bbox 1078 2928 1185 3008; x_wconf 88' lang='lat' dir='ltr'><strong>itaque</strong></span> <span class='ocrx_word' id='word_1_208' title='bbox 1211 2931 1283 3009; x_wconf 88' lang='lat' dir='ltr'><strong>post</strong></span> <span class='ocrx_word' id='word_1_209' title='bbox 1308 2894 1410 3033; x_wconf 49' lang='lat' dir='ltr'><strong>ag}</strong></span> 
     </span>
    </p>
   </div>
   <div class='ocr_carea' id='block_1_5' title="bbox 181 3045 1413 3573">
    <p class='ocr_par' dir='ltr' id='par_1_6' title="bbox 181 3045 1413 3573">
     <span class='ocr_line' id='line_1_24' title="bbox 181 3045 1410 3128; baseline 0.002 -18"><span class='ocrx_word' id='word_1_210' title='bbox 181 3045 342 3126; x_wconf 88' lang='lat' dir='ltr'><strong>conposita</strong></span> <span class='ocrx_word' id='word_1_211' title='bbox 373 3051 422 3110; x_wconf 90' lang='lat' dir='ltr'><strong>est</strong></span> <span class='ocrx_word' id='word_1_212' title='bbox 447 3050 555 3111; x_wconf 89' lang='lat' dir='ltr'><strong>nostra</strong></span> <span class='ocrx_word' id='word_1_213' title='bbox 577 3047 747 3128; x_wconf 90' lang='lat' dir='ltr'><strong>inscriptio.</strong></span> <span class='ocrx_word' id='word_1_214' title='bbox 794 3046 873 3112; x_wconf 84' lang='lat' dir='ltr'><strong>Cum</strong></span> <span class='ocrx_word' id='word_1_215' title='bbox 895 3066 969 3113; x_wconf 91' lang='lat' dir='ltr'><strong>vero</strong></span> <span class='ocrx_word' id='word_1_216' title='bbox 991 3048 1098 3113; x_wconf 89' lang='lat' dir='ltr'><strong>inille</strong></span> <span class='ocrx_word' id='word_1_217' title='bbox 1120 3064 1212 3127; x_wconf 90' lang='lat' dir='ltr'><strong>quem</strong></span> <span class='ocrx_word' id='word_1_218' title='bbox 1233 3046 1325 3113; x_wconf 89' lang='lat' dir='ltr'><strong>modo</strong></span> <span class='ocrx_word' id='word_1_219' title='bbox 1348 3066 1410 3113; x_wconf 85' lang='lat' dir='ltr'><strong>nre-</strong></span> 
     </span>
     <span class='ocr_line' id='line_1_25' title="bbox 184 3155 1411 3244; baseline 0.002 -26"><span class='ocrx_word' id='word_1_220' title='bbox 184 3156 306 3221; x_wconf 89' lang='lat' dir='ltr'><strong>moravi</strong></span> <span class='ocrx_word' id='word_1_221' title='bbox 320 3155 497 3221; x_wconf 87' lang='lat' dir='ltr'><strong>Philistoris</strong></span> <span class='ocrx_word' id='word_1_222' title='bbox 513 3156 605 3223; x_wconf 91' lang='lat' dir='ltr'><strong>titulo</strong></span> <span class='ocrx_word' id='word_1_223' title='bbox 621 3158 715 3223; x_wconf 87' lang='lat' dir='ltr'><strong>etiarn</strong></span> <span class='ocrx_word' id='word_1_224' title='bbox 731 3158 813 3223; x_wconf 91' lang='lat' dir='ltr'><strong>idem</strong></span> <span class='ocrx_word' id='word_1_225' title='bbox 836 3157 1038 3244; x_wconf 68' lang='grc' dir='ltr'><em>γραμματεύς</em></span> <span class='ocrx_word' id='word_1_226' title='bbox 1057 3159 1201 3238; x_wconf 88' lang='lat' dir='ltr'><strong>idemque</strong></span> <span class='ocrx_word' id='word_1_227' title='bbox 1216 3157 1411 3239; x_wconf 73' lang='grc' dir='ltr'><em>διδάσκαλος,</em></span> 
     </span>
     <span class='ocr_line' id='line_1_26' title="bbox 182 3268 1412 3354; baseline 0.002 -23"><span class='ocrx_word' id='word_1_228' title='bbox 182 3269 283 3350; x_wconf 90' lang='lat' dir='ltr'><strong>quiin</strong></span> <span class='ocrx_word' id='word_1_229' title='bbox 306 3273 415 3333; x_wconf 87' lang='lat' dir='ltr'><strong>nostra</strong></span> <span class='ocrx_word' id='word_1_230' title='bbox 436 3270 653 3353; x_wconf 85' lang='lat' dir='ltr'><strong>inscriptione,</strong></span> <span class='ocrx_word' id='word_1_231' title='bbox 675 3277 879 3353; x_wconf 80' lang='lat' dir='ltr'><strong>conpaream,</strong></span> <span class='ocrx_word' id='word_1_232' title='bbox 902 3272 1037 3354; x_wconf 91' lang='lat' dir='ltr'><strong>denique</strong></span> <span class='ocrx_word' id='word_1_233' title='bbox 1060 3289 1131 3336; x_wconf 90' lang='lat' dir='ltr'><strong>oum</strong></span> <span class='ocrx_word' id='word_1_234' title='bbox 1154 3272 1237 3336; x_wconf 90' lang='lat' dir='ltr'><strong>inter</strong></span> <span class='ocrx_word' id='word_1_235' title='bbox 1260 3268 1412 3335; x_wconf 88' lang='lat' dir='ltr'><strong>sollennia</strong></span> 
     </span>
     <span class='ocr_line' id='line_1_27' title="bbox 181 3379 1412 3471; baseline 0.002 -28"><span class='ocrx_word' id='word_1_236' title='bbox 181 3382 290 3444; x_wconf 91' lang='lat' dir='ltr'><strong>nostro</strong></span> <span class='ocrx_word' id='word_1_237' title='bbox 317 3379 349 3443; x_wconf 93' lang='lat' dir='ltr'><strong>in</strong></span> <span class='ocrx_word' id='word_1_238' title='bbox 377 3381 423 3445; x_wconf 84' lang='lat' dir='ltr'><strong>t&#39;t.</strong></span> <span class='ocrx_word' id='word_1_239' title='bbox 447 3382 602 3446; x_wconf 90' lang='lat' dir='ltr'><strong>recensita</strong></span> <span class='ocrx_word' id='word_1_240' title='bbox 633 3384 772 3448; x_wconf 91' lang='lat' dir='ltr'><strong>nondum</strong></span> <span class='ocrx_word' id='word_1_241' title='bbox 792 3381 970 3471; x_wconf 72' lang='grc' dir='ltr'><em>Σεβήρεια,</em></span> <span class='ocrx_word' id='word_1_242' title='bbox 996 3402 1077 3465; x_wconf 89' lang='lat' dir='ltr'><strong>quae</strong></span> <span class='ocrx_word' id='word_1_243' title='bbox 1100 3381 1208 3449; x_wconf 86' lang='lat' dir='ltr'><strong>Severi</strong></span> <span class='ocrx_word' id='word_1_244' title='bbox 1236 3385 1340 3448; x_wconf 88' lang='lat' dir='ltr'><strong>aetate</strong></span> <span class='ocrx_word' id='word_1_245' title='bbox 1362 3400 1412 3446; x_wconf 83' lang='lat' dir='ltr'><strong>ex-</strong></span> 
     </span>
     <span class='ocr_line' id='line_1_28' title="bbox 182 3492 1413 3573; baseline 0.004 -21"><span class='ocrx_word' id='word_1_246' title='bbox 182 3493 380 3569; x_wconf 88' lang='lat' dir='ltr'><strong>spectentur,</strong></span> <span class='ocrx_word' id='word_1_247' title='bbox 408 3496 696 3573; x_wconf 88' lang='lat' dir='ltr'><strong>conmemorentur,</strong></span> <span class='ocrx_word' id='word_1_248' title='bbox 724 3513 786 3558; x_wconf 91' lang='lat' dir='ltr'><strong>non</strong></span> <span class='ocrx_word' id='word_1_249' title='bbox 814 3513 925 3559; x_wconf 90' lang='lat' dir='ltr'><strong>vereor</strong></span> <span class='ocrx_word' id='word_1_250' title='bbox 951 3513 991 3559; x_wconf 91' lang='lat' dir='ltr'><strong>ne</strong></span> <span class='ocrx_word' id='word_1_251' title='bbox 1016 3492 1108 3558; x_wconf 88' lang='lat' dir='ltr'><strong>nimis</strong></span> <span class='ocrx_word' id='word_1_252' title='bbox 1130 3493 1234 3558; x_wconf 84' lang='lat' dir='ltr'><strong>audax</strong></span> <span class='ocrx_word' id='word_1_253' title='bbox 1255 3493 1364 3557; x_wconf 83' lang='lat' dir='ltr'><strong>videar</strong></span> <span class='ocrx_word' id='word_1_254' title='bbox 1385 3492 1413 3557; x_wconf 89' lang='lat' dir='ltr'><strong>si</strong></span> 
     </span>
    </p>
   </div>
   <div class='ocr_carea' id='block_1_6' title="bbox 183 3600 1412 3685">
    <p class='ocr_par' dir='ltr' id='par_1_7' title="bbox 183 3600 1412 3685">
     <span class='ocr_line' id='line_1_29' title="bbox 183 3600 1412 3685; baseline 0.003 -22"><span class='ocrx_word' id='word_1_255' title='bbox 183 3603 324 3665; x_wconf 85' lang='lat' dir='ltr'><strong>nostram</strong></span> <span class='ocrx_word' id='word_1_256' title='bbox 347 3600 579 3682; x_wconf 88' lang='lat' dir='ltr'><strong>inscriptionem</strong></span> <span class='ocrx_word' id='word_1_257' title='bbox 602 3602 742 3685; x_wconf 82' lang='lat' dir='ltr'><strong>proximo</strong></span> <span class='ocrx_word' id='word_1_258' title='bbox 765 3622 845 3668; x_wconf 91' lang='lat' dir='ltr'><strong>anno</strong></span> <span class='ocrx_word' id='word_1_259' title='bbox 872 3609 944 3685; x_wconf 90' lang='lat' dir='ltr'><strong>post</strong></span> <span class='ocrx_word' id='word_1_260' title='bbox 965 3602 1143 3668; x_wconf 90' lang='lat' dir='ltr'><strong>Philistoris</strong></span> <span class='ocrx_word' id='word_1_261' title='bbox 1170 3603 1258 3667; x_wconf 92' lang='lat' dir='ltr'><strong>illum</strong></span> <span class='ocrx_word' id='word_1_262' title='bbox 1285 3602 1412 3668; x_wconf 90' lang='lat' dir='ltr'><strong>titulum</strong></span> 
     </span>
    </p>
   </div>
   <div class='ocr_carea' id='block_1_7' title="bbox 184 3690 1413 3829">
    <p class='ocr_par' dir='ltr' id='par_1_8' title="bbox 184 3690 1413 3829">
     <span class='ocr_line' id='line_1_30' title="bbox 184 3690 1413 3829; baseline 0.003 -47"><span class='ocrx_word' id='word_1_263' title='bbox 184 3723 343 3784; x_wconf 84' lang='lat' dir='ltr'><strong>exaratam</strong></span> <span class='ocrx_word' id='word_1_264' title='bbox 365 3739 435 3789; x_wconf 91' lang='lat' dir='ltr'><strong>esse</strong></span> <span class='ocrx_word' id='word_1_265' title='bbox 457 3702 700 3796; x_wconf 65' lang='lat' dir='ltr'><strong>censeamur.</strong></span> <span class='ocrx_word' id='word_1_266' title='bbox 724 3740 751 3786; x_wconf 91' lang='lat' dir='ltr'><strong>a.</strong></span> <span class='ocrx_word' id='word_1_267' title='bbox 775 3690 828 3829; x_wconf 47' lang='lat'><strong>{7}</strong></span> <span class='ocrx_word' id='word_1_268' title='bbox 849 3742 878 3804; x_wconf 89' lang='lat' dir='ltr'><strong>p.</strong></span> <span class='ocrx_word' id='word_1_269' title='bbox 895 3722 979 3803; x_wconf 76' lang='lat' dir='ltr'><strong>Chr,</strong></span> <span class='ocrx_word' id='word_1_270' title='bbox 1001 3722 1102 3805; x_wconf 87' lang='lat' dir='ltr'><strong>primo</strong></span> <span class='ocrx_word' id='word_1_271' title='bbox 1120 3721 1339 3797; x_wconf 70' lang='lat' dir='ltr'><strong>Severianum</strong></span> <span class='ocrx_word' id='word_1_272' title='bbox 1362 3722 1413 3788; x_wconf 92' lang='lat' dir='ltr'><strong>cui</strong></span> 
     </span>
    </p>
   </div>
   <div class='ocr_carea' id='block_1_8' title="bbox 183 3837 1414 4146">
    <p class='ocr_par' dir='ltr' id='par_1_9' title="bbox 183 3837 1414 4146">
     <span class='ocr_line' id='line_1_31' title="bbox 183 3837 1414 3925; baseline 0.002 -23"><span class='ocrx_word' id='word_1_273' title='bbox 183 3837 254 3903; x_wconf 89' lang='lat' dir='ltr'><strong>ideo</strong></span> <span class='ocrx_word' id='word_1_274' title='bbox 284 3837 417 3906; x_wconf 87' lang='lat' dir='ltr'><strong>fortusse</strong></span> <span class='ocrx_word' id='word_1_275' title='bbox 445 3859 482 3906; x_wconf 93' lang='lat' dir='ltr'><strong>eo</strong></span> <span class='ocrx_word' id='word_1_276' title='bbox 504 3860 585 3906; x_wconf 92' lang='lat' dir='ltr'><strong>anno</strong></span> <span class='ocrx_word' id='word_1_277' title='bbox 616 3841 755 3906; x_wconf 92' lang='lat' dir='ltr'><strong>nondum</strong></span> <span class='ocrx_word' id='word_1_278' title='bbox 779 3841 914 3908; x_wconf 84' lang='lat' dir='ltr'><strong>Severea</strong></span> <span class='ocrx_word' id='word_1_279' title='bbox 941 3844 981 3908; x_wconf 91' lang='lat' dir='ltr'><strong>ab</strong></span> <span class='ocrx_word' id='word_1_280' title='bbox 1010 3842 1137 3925; x_wconf 87' lang='lat' dir='ltr'><strong>ephebis</strong></span> <span class='ocrx_word' id='word_1_281' title='bbox 1159 3845 1233 3907; x_wconf 90' lang='lat' dir='ltr'><strong>sunt</strong></span> <span class='ocrx_word' id='word_1_282' title='bbox 1255 3842 1414 3908; x_wconf 87' lang='lat' dir='ltr'><strong>celebrata</strong></span> 
     </span>
     <span class='ocr_line' id='line_1_32' title="bbox 185 3948 1414 4036; baseline 0.002 -23"><span class='ocrx_word' id='word_1_283' title='bbox 185 3948 259 4027; x_wconf 89' lang='lat' dir='ltr'><strong>quia</strong></span> <span class='ocrx_word' id='word_1_284' title='bbox 279 3948 332 4014; x_wconf 93' lang='lat' dir='ltr'><strong>illo</strong></span> <span class='ocrx_word' id='word_1_285' title='bbox 354 3968 435 4015; x_wconf 91' lang='lat' dir='ltr'><strong>anno</strong></span> <span class='ocrx_word' id='word_1_286' title='bbox 459 3950 602 4032; x_wconf 86' lang='lat' dir='ltr'><strong>Severus,</strong></span> <span class='ocrx_word' id='word_1_287' title='bbox 626 3970 697 4018; x_wconf 90' lang='lat' dir='ltr'><strong>cum</strong></span> <span class='ocrx_word' id='word_1_288' title='bbox 720 3951 752 4018; x_wconf 85' lang='lat' dir='ltr'><strong>G.</strong></span> <span class='ocrx_word' id='word_1_289' title='bbox 775 3952 966 4018; x_wconf 90' lang='lat' dir='ltr'><strong>Pescennius</strong></span> <span class='ocrx_word' id='word_1_290' title='bbox 984 3953 1081 4036; x_wconf 85' lang='lat' dir='ltr'><strong>Niger</strong></span> <span class='ocrx_word' id='word_1_291' title='bbox 1103 3958 1135 4018; x_wconf 90' lang='lat' dir='ltr'><strong>et</strong></span> <span class='ocrx_word' id='word_1_292' title='bbox 1156 3954 1223 4034; x_wconf 91' lang='lat' dir='ltr'><strong>ipse</strong></span> <span class='ocrx_word' id='word_1_293' title='bbox 1244 3954 1414 4034; x_wconf 89' lang='lat' dir='ltr'><strong>imperator</strong></span> 
     </span>
     <span class='ocr_line' id='line_1_33' title="bbox 186 4059 1148 4146; baseline 0.006 -24"><span class='ocrx_word' id='word_1_294' title='bbox 186 4059 362 4126; x_wconf 88' lang='lat' dir='ltr'><strong>declaratus</strong></span> <span class='ocrx_word' id='word_1_295' title='bbox 385 4066 477 4142; x_wconf 89' lang='lat' dir='ltr'><strong>esset,</strong></span> <span class='ocrx_word' id='word_1_296' title='bbox 500 4063 638 4128; x_wconf 89' lang='lat' dir='ltr'><strong>nondum</strong></span> <span class='ocrx_word' id='word_1_297' title='bbox 661 4068 765 4129; x_wconf 89' lang='lat' dir='ltr'><strong>tutum</strong></span> <span class='ocrx_word' id='word_1_298' title='bbox 787 4062 953 4129; x_wconf 88' lang='lat' dir='ltr'><strong>obtinebat</strong></span> <span class='ocrx_word' id='word_1_299' title='bbox 974 4063 1148 4146; x_wconf 91' lang='lat' dir='ltr'><strong>imperium.</strong></span> 
     </span>
    </p>
   </div>
   <div class='ocr_carea' id='block_1_9' title="bbox 650 4353 952 4362">
    <p class='ocr_par' dir='ltr' id='par_1_10' title="bbox 650 4353 952 4362">
     <span class='ocr_line' id='line_1_34' title="bbox 650 4353 952 4362; baseline -0.007 -1"><span class='ocrx_word' id='word_1_300' title='bbox 650 4353 952 4362; x_wconf 78' lang='lat'><em>....—-......—.--—-—-</em></span> 
     </span>
    </p>
   </div>
   <div class='ocr_carea' id='block_1_10' title="bbox 0 0 1777 5304">
    <p class='ocr_par' dir='ltr' id='par_1_11' title="bbox 0 0 1777 5304">
     <span class='ocr_line' id='line_1_35' title="bbox 0 0 1777 5304; baseline 0 0"><span class='ocrx_word' id='word_1_301' title='bbox 0 0 1777 5304; x_wconf 95' lang='lat' dir='ltr'><strong> </strong></span> 
     </span>
    </p>
   </div>
  </div>
 </body>
</html>
