3510 5304
867 382 1080 448 ..ο-62...

387 561 390 569 ’
439 563 487 634 ·V.
509 571 560 638 32.
605 568 761 660 θῆσειο.
785 567 824 636 cf.
846 558 1042 652 Dittenberg.
1064 569 1084 635 l.
1105 569 1127 635 l.
1152 558 1221 635 67.Ι

454 679 489 748 V.
512 682 565 746 34.
600 676 905 775 Φιλοδελφείωο.
939 681 1026 748 Haec
1048 699 1068 746 a
1091 680 1243 764 Septimio
1259 681 1375 747 Seuero
1390 681 1422 747 in
1440 680 1594 748 honorem

361 790 495 858 filiorum
525 790 705 859 Caracallus
733 796 765 858 et
786 791 886 859 Getae
915 791 1061 859 instituta
1088 810 1158 860 esse
1179 792 1356 860 Boeckhius
1387 793 1510 859 censuit
1535 792 1593 881 (ad

361 903 410 968 tit.
434 901 469 968 0.
494 903 520 970 I.
544 901 630 988 245).
674 904 774 982 Quam
804 904 991 970 sententiam
1015 903 1215 970 Comanndes
1244 904 1298 983 (ad
1319 903 1496 970 Philistoris
1525 904 1592 980 tit.)

361 1013 519 1097 ceterique
541 1031 648 1080 omnes
670 1013 770 1081 secuti
792 1019 867 1080 suut
888 1033 945 1082 nec
967 1032 1028 1080 non
1050 1015 1312 1098 Dittenbengerus
1335 1014 1370 1101 (l.
1393 1015 1413 1081 l.
1435 1033 1506 1097 pag.
1522 1012 1592 1099 74),

360 1125 446 1207 quod
466 1144 529 1191 non
550 1124 706 1207 fecissent,
729 1125 756 1190 si
778 1125 960 1192 adcuratius
976 1124 1086 1192 titulos
1100 1125 1354 1208 investigassent.
1391 1125 1481 1191 Nunc
1503 1126 1589 1191 enim

360 1235 452 1301 aliter
474 1236 674 1302 statuendum
698 1242 763 1318 est,
793 1254 864 1304 cum
885 1234 1039 1303 Boeckhii
1061 1237 1218 1303 sententia
1239 1235 1373 1318 amplius
1400 1255 1462 1302 non
1489 1236 1592 1319 possit

361 1348 499 1413 retineri.
543 1347 668 1414 Etenim
696 1347 773 1414 baec
804 1366 895 1414 sacra
922 1348 984 1413 iam
1006 1352 1221 1415 memorantur
1247 1346 1280 1412 in
1305 1348 1353 1413 tit.
1379 1344 1442 1412 dcl.
1466 1347 1491 1428 Ι,
1516 1351 1588 1428 522,

293 1523 298 1531 ,
362 1463 391 1534 7,
414 1480 444 1524 ο.
470 1460 526 1522 171
547 1481 585 1544 p.
610 1457 683 1524 Ode.
712 1460 829 1544 scripto
860 1458 912 1537 (cf.
940 1478 1012 1543 pag.
1037 1465 1121 1539 18.);
1156 1459 1231 1526 item
1253 1459 1455 1526 inveniuntur
1480 1459 1511 1524 in
1539 1459 1591 1525 tit.

364 1566 428 1633 od.
444 1570 498 1653 IV,
516 1574 586 1652 168,
610 1574 639 1645 2,
662 1589 755 1653 quem
777 1570 851 1636 circ.
875 1594 905 1638 ο.
924 1574 982 1636 175
997 1571 1204 1655 compositum
1225 1588 1294 1637 esse
1315 1588 1412 1652 snpra
1431 1568 1515 1657 (pag.
1533 1567 1589 1656 27)

365 1681 433 1752 veri
455 1681 533 1747 satis
555 1680 658 1748 simile
679 1681 882 1748 reddidimus.
922 1682 1116 1767 Itaqueiam
1138 1686 1211 1748 ante
1233 1680 1438 1748 Commodum
1459 1683 1592 1765 impera·

362 1795 463 1857 torem
484 1791 633 1858 instituta
654 1797 729 1859 sunt
750 1811 882 1877 eamque
904 1793 944 1860 ob
967 1811 1094 1860 causam
1120 1791 1253 1875 amplius
1282 1812 1344 1859 non
1369 1791 1487 1876 poterit
1508 1793 1590 1874 cogi-

362 1903 424 1969 tari
446 1903 485 1969 de
507 1901 589 1971 Geta
609 1910 643 1971 et
662 1903 824 1971 Caracalla
847 1902 1059 1990 Φιλαδέλφοις.
1103 1904 1299 1987 Quamquam
1322 1903 1361 1970 de
1382 1903 1505 1971 duobus
1527 1922 1590 1970 una
1702 1961 1705 1972 .

361 2014 588 2096 imperantibus
611 2015 792 2097 eisdemque
813 2016 963 2082 fratribus
986 2016 1164 2083 etiamnunc
1190 2016 1329 2098 intellegi
1351 2020 1485 2097 oportet.
1523 2017 1589 2081 lam

361 2126 585 2208 quaerentibus
606 2126 697 2193 nobis
719 2127 759 2195 de
780 2126 826 2193 eis
847 2127 1090 2210 imperatoribus
1112 2127 1217 2195 nescio
1232 2127 1365 2193 annulli
1379 2127 1432 2192 alii
1447 2145 1482 2193 se
1501 2145 1590 2210 prae

360 2236 458 2303 beant
484 2237 547 2303 nisi
573 2236 749 2303 Antoninus
777 2238 985 2320 Philosophus
1015 2245 1048 2305 et
1074 2257 1168 2322 quem
1195 2238 1247 2304 hic
1275 2257 1306 2303 a.
1339 2242 1396 2303 161
1422 2236 1589 2303 Caesarem

361 2347 536 2430 adsumpsit
551 2347 667 2414 Lucius
680 2349 793 2417 Verus.
828 2351 871 2416 Et
885 2369 959 2417 veno
975 2350 1009 2415 hi
1026 2351 1082 2416 uni
1102 2355 1229 2431 praeter
1249 2354 1371 2416 ceteros
1393 2348 1424 2413 in
1451 2347 1588 2414 titulis

360 2457 494 2523 audiunt
515 2456 711 2545 Φολοίδελφοι.
747 2461 835 2540 Quae
856 2479 907 2527 res
930 2479 1002 2528 cum
1024 2461 1127 2527 adhuc
1148 2460 1258 2527 doctos
1273 2460 1358 2527 viros
1379 2458 1505 2541 fugerit,
1528 2475 1588 2523 non

360 2569 473 2651 longus
493 2568 623 2636 videbor
644 2589 716 2636 eum
737 2570 852 2654 quibus
873 2570 905 2636 in
927 2571 1027 2637 titulis
1049 2571 1094 2637 illi
1115 2571 1174 2637 hoc
1196 2589 1366 2653 cognomen
1393 2572 1509 2653 gerunt
1535 2585 1589 2635 eos

359 2678 411 2745 hie
433 2679 587 2748 adscribo.

465 2823 493 2891 1,
533 2818 650 2901 Apud
681 2819 794 2886 Ross.
829 2819 873 2887 de
906 2819 1000 2888 dem.
1033 2838 1092 2886 no.
1123 2822 1178 2884 66.
1212 2854 1255 2866 -
1286 2815 1437 2883 Pittak.
1472 2815 1586 2883 l’anc.

534 2926 711 2995 Atheneo
733 2948 819 3013 pag.
842 2935 906 2996 494
1477 2933 1480 2938 ’

817 3053 879 3120 Ἐπί
902 3055 983 3145 νείκη
1007 3059 1056 3121 καί

821 3167 992 3252 elysiardus

822 3277 919 3345 θείων
942 3281 991 3344 καί
1012 3304 1059 3368 φι-

821 3391 988 3479 λαδέλφων
1010 3390 1062 3454 αὖ·

818 3503 1017 3590 τοκρατόρων
1040 3502 1127 3588 Μάρ-

818 3636 876 3677 κου
899 3612 1051 3702 Αὐρηλίου

818 3723 1007 3788 Αντωνείνου

819 3835 867 3897 καί
888 3833 1020 3898 Λουκίου
1042 3834 1099 3899 Aa·
1139 3889 1151 3899 .

817 3944 929 4033 pplr'oc
955 3945 1078 4034 θύἦρου
1100 3945 1161 4010 κτλ.

470 4108 499 4168 2.
543 4102 654 4184 Apud
675 4101 857 4168 Rossium
880 4100 1060 4182 inscript.
1084 4099 1183 4166 ined.
1208 4100 1246 4165 ΙΙ
1267 4118 1351 4182 pag.
1369 4102 1414 4164 90
1437 4099 1584 4173 no.224.

797 4315 801 4319 ,
816 4229 1057 4317 Αὐ]τοκροίτορα
1071 4228 1141 4293 Καί-

818 4363 903 4426 σαρα
924 4340 1052 4426 Μάρκον
1076 4338 1132 4404 Ao-

815 4451 926 4539 ρήλιον
943 4447 1097 4515 'Arecomi-

819 4567 886 4642 [νον
908 4562 926 4624 ὁ
949 4560 1135 4649 ἀρχιε]ρεὺς
