3490 5296
856 416 1091 477 -150-

443 599 588 665 Proxime
611 604 761 665 secuntur

442 711 456 815 Ι
470 708 694 798 Δημήτριος
720 707 929 795 Ἰσιρένους
954 710 1214 796 Ῥαμνούσιος
1243 718 1275 778 et

446 815 645 911 ΙἉρίστιυν
669 817 945 907 Ἀφροδεισίου
970 819 1225 915 Ῥαμνούσιος

455 989 514 1044 111.
642 972 801 1038 Ρίιίίίοίοι·
823 974 890 1056 III,
915 978 989 1056 350,
1015 978 1042 1039 1.

556 1112 560 1117 ·
724 1086 816 1152 Arch.
839 1085 975 1157 Πόπλιος
998 1087 1096 1158 Αἴλιος
1118 1085 1276 1174 Ἀδριανός

722 1196 823 1263 Cosm.
847 1197 1007 1268 ύιοσίδεος
1036 1198 1226 1284 Ηρακλείδου
1249 1197 1481 1285 Παμβωτάδης.

586 1382 594 1395 ,
641 1308 700 1374 Ηίο
725 1308 854 1374 Ariston
876 1328 973 1392 nepos
995 1309 1120 1376 videtur
1142 1328 1211 1376 esse
1233 1310 1318 1375 illius
1341 1310 1395 1393 qui
1417 1328 1444 1374 e.
1470 1312 1508 1373 61
1541 1327 1591 1373 eo·

641 1421 712 1484 dem
733 1438 862 1487 munere
884 1420 1009 1487 functus
1032 1426 1088 1487 est.
1122 1419 1221 1487 Iidem
1235 1422 1437 1502 paedotribae
1453 1424 1510 1486 aut
1524 1437 1592 1484 una

643 1536 699 1597 aut
721 1531 802 1596 alter
824 1532 910 1598 solus
932 1531 1071 1599 redeunt
1092 1532 1125 1597 in
1146 1532 1288 1615 pluribus
1315 1532 1424 1599 titulis.
1448 1570 1490 1580 -
1512 1537 1594 1604 Cum
1725 1540 1726 1587 ἓ

643 1642 693 1707 hie
715 1643 798 1708 inter
822 1642 990 1712 παιδευτάς
1012 1644 1053 1709 sit
1083 1643 1302 1729 κεστρορύλαξ
1325 1643 1511 1732 Σύντροφος
1540 1650 1592 1713 Me·

643 1754 764 1841 λήσιος,
795 1753 953 1837 quiidem
976 1755 1111 1820 reditio
1135 1754 1169 1820 0.
1193 1756 1218 1819 I.
1242 1760 1320 1832 268,
1348 1756 1533 1824 adducimur
1556 1765 1593 1824 ut

645 1885 715 1931 eum
738 1865 865 1930 titulum
889 1864 935 1946 (O.
960 1865 984 1929 Ι.
1010 1867 1085 1948 268)
1108 1867 1248 1948 proxime
1271 1868 1381 1932 abesse
1402 1869 1546 1935 velimus,

646 1975 739 2061 Oorp.
763 1976 865 2042 Inoor.
890 1979 964 2042 268.
989 1974 1123 2061 (iidem
1141 1975 1408 2063 paedotribae
1429 1980 1532 2064 ιιιια).

725 2089 817 2153 Arch.
840 2086 961 2157 Δείδιος
983 2086 1159 2151 Σεκούνδου
1181 2086 1339 2175 Σφήττιος

726 2197 828 2263 Cosm.
856 2194 1011 2288 Ἀρχικλῆς
1032 2200 1043 2280 )
1067 2196 1250 2286 Λακκιάδης.

573 2348 580 2362 ·
644 2309 802 2373 Philisror
824 2309 884 2389 IV,
908 2312 982 2376 458.
1005 2308 1129 2395 (soluo
1151 2309 1405 2396 Demetrius),

726 2420 820 2487 Arch.
845 2419 983 2503 Φλάβιος
1005 2420 1163 2507 Μακρῖνος
1187 2418 1358 2511 Ἀχαρνεύς.

729 2532 832 2598 Cosm.
855 2532 1060 2620 Μενεκράτης
1080 2534 1093 2616 )
1115 2532 1300 2621 Εύιτυρίδης.

647 2641 807 2707 Ρίιίίίοίοι·
828 2642 894 2724 HI,
918 2646 973 2723 60,
998 2647 1025 2711 1.
1049 2642 1178 2729 (solos
1199 2644 1455 2730 Demetrius).

729 2754 822 2820 Ar'ch.
848 2752 1011 2840 Φιι(ύρ)ιος
1033 2754 1250 2842 Μητρόδωρος
1269 2754 1418 2826 Σουνιεύς

729 2864 831 2931 Cosm.
852 2861 1074 2949 Ἡλιόδωρος)
1096 2864 1269 2950 Πειραιεύς.
1532 2845 1536 2852 ’

649 2976 741 3063 (λοιρ.
765 2976 866 3043 Iosor.
891 2979 955 3039 270
983 2975 1110 3061 (solue
1132 2976 1315 3062 Ariston)

731 3086 824 3152 Areh.
844 3085 878 3151 Γ.
897 3083 1019 3157 Ἰούλιος
1038 3086 1156 3157 Κάσιος
1177 3087 1337 3174 Στειριεύς

727 3197 828 3264 Cosm.
844 3194 933 3269 Ὦλος
953 3196 1083 3269 Πόντιος
1105 3198 1310 3285 Νυμφύδοτος
1331 3196 1492 3287 Ἀζηνιεύς.

645 3311 692 3374 De
715 3325 796 3373 anno
819 3308 856 3374 cf.
879 3327 950 3390 pag.
971 3314 1017 3374 19.
1041 3346 1084 3356 -
1106 3310 1258 3386 Proxime,
1281 3330 1343 3377 uno
1358 3312 1408 3377 vel
1422 3312 1586 3396 perpaucis

646 3421 751 3497 annio,
780 3420 870 3484 abest
893 3419 1037 3499 (docente
1065 3419 1298 3502 cestrophyioce
1320 3422 1450 3503 Pythico
1478 3424 1533 3504 qui
1561 3424 1590 3488 in

646 3537 780 3614 utroque
802 3529 909 3615 titulo)
932 3531 980 3597 tio.
1005 3528 1097 3614 Corp.
1120 3531 1216 3596 Inscr.
1242 3536 1314 3597 269.

476 3635 541 3688 circa
557 3655 580 3688 ²·
647 3642 739 3727 Ουιρ.
756 3638 856 3706 Ῑιισον.
872 3643 936 3707 269
959 3640 1081 3727 (soluo
1101 3642 1281 3723 Aristo-n,
1303 3642 1365 3708 iam
1390 3642 1460 3707 »διὰ
1480 3643 1589 3728 poro«)

437 3767 579 3822 120-125.
727 3753 820 3819 Arch.
843 3752 972 3823 Λεύκιος
996 3752 1194 3835 Οὐιβούλλιος
1212 3747 1379 3841 Ἵππαρχος

697 3870 701 3876 ’
728 3866 830 3932 Cosm.
854 3865 1017 3953 Εύκράτρς
1039 3861 1163 3951 Ἑρμίου
1188 3864 1351 3936 Φυλάσιος.

449 4030 516 4095 Iam
539 4031 646 4097 decern
668 4030 734 4096 fere
757 4030 830 4095 anni
853 4029 1009 4109 ephebiois
1033 4028 1132 4093 titulis
1154 4035 1285 4109 vacant,
1314 4030 1370 4096 sed
1399 4031 1493 4096 iidem
1521 4050 1590 4114 pae-

362 4140 514 4224 dotribae,
536 4147 593 4206 aut
608 4141 698 4209 ambo
715 4161 779 4207 uno
793 4146 849 4205 aut
864 4138 1053 4215 altersolue
1076 4139 1142 4205 sine
1166 4140 1262 4206 dubio
1285 4159 1342 4221 per
1364 4159 1417 4206 eos
1440 4160 1538 4207 annos
1560 4142 1588 4205 in

363 4270 493 4319 munere
515 4258 615 4319 erant.
