3490 5296
749 1027 813 1123 n.

338 1243 402 1335 11
428 1242 654 1338 1111111111,
683 1235 1001 1335 mennatum.
1029 1230 1087 1332 r·
1119 1255 1222 1337 3200.

165 1510 231 1602 Tit.
253 1535 287 1601 in
305 1535 437 1619 Ephem.
460 1533 544 1600 arch.
566 1552 615 1599 no.
639 1537 722 1598 3200
744 1536 794 1598 est
813 1530 1023 1615 fragmentum
1038 1530 1229 1612 epheborum
1251 1531 1396 1613 catalogi,

164 1647 254 1730 qnod
283 1647 361 1712 satis
388 1645 507 1711 indicat
531 1642 801 1727 hypepaedotriba
826 1643 881 1723 qui
910 1645 1019 1708 vs.12
1045 1644 1303 1708 conmemoratur.
1347 1642 1396 1706 En

164 1759 236 1826 eius
263 1758 389 1824 nomine
410 1760 497 1824 extat
523 1756 596 1820 Τελε
617 1801 781 1822 ......
800 1751 1016 1837 Ἀβασκιὶντου
1039 1753 1233 1843 Μιλῆ[σιος];
1265 1752 1396 1817 Pittaki·

166 1870 238 1935 sius
253 1868 380 1952 supplet
398 1866 646 1952 Τελέ[σανδρος].
679 1867 723 1932 At
738 1866 967 1933 restituendum
981 1869 1030 1932 est
1049 1864 1289 1951 Τελέ[σφορος],
1312 1864 1396 1946 quod

164 1981 317 2047 docemur
337 1980 386 2044 tit.
407 1977 530 2044 Philist.
552 1977 603 2043 III
624 1995 654 2058 p.
671 1983 743 2060 444,
769 1980 842 2069 let
864 1978 889 2060 1,
910 1997 940 2060 p.
959 1981 1029 2054 523,
1051 1978 1106 2044 ubi
1128 1981 1320 2043 memoratur
1340 1976 1397 2059 hy-

163 2091 393 2174 popaedotriba
428 2088 623 2175 Τελέσφορος
646 2083 861 2172 Ἀβασκάντου
891 2088 1047 2175 Μιλήσιος.
1092 2088 1153 2168 Qui
1175 2107 1245 2156 cum
1266 2089 1300 2154 in
1324 2089 1395 2157 aliis

162 2207 239 2286 post
266 2202 438 2269 Abascanti
465 2202 585 2268 obitum
614 2201 739 2285 scriptis
762 2203 913 2284 catalogis
947 2220 1010 2268 nan
1037 2201 1236 2282 reperiatur,
1264 2201 1331 2267 veri
1359 2200 1395 2267 fit

165 2313 269 2380 simile
290 2313 349 2379 hoe
370 2311 582 2394 fragmentum
605 2330 675 2378 esse
703 2312 890 2395 particulam
918 2313 1029 2394 epheb.
1061 2312 1197 2395 catalogi
1225 2312 1293 2379 eius
1322 2311 1395 2379 anni

163 2424 221 2508 qui
252 2424 286 2489 in
314 2423 485 2490 Abascanti
512 2424 717 2505 paedotribae
745 2428 882 2492 aetatem
910 2424 1027 2491 ineidat
1055 2425 1185 2505 eiusque
1213 2425 1267 2505 qui
1293 2424 1395 2491 adhue

162 2532 270 2602 titulis
295 2534 451 2617 ephebicis
472 2540 572 2606 vacet.
616 2536 741 2602 Etenim
763 2554 844 2619 quae
866 2535 1040 2618 fragmento
1063 2536 1249 2603 exhibentur
1269 2535 1395 2602 nomine

163 2665 229 2714 nen
246 2645 448 2712 inveniuntur
462 2645 495 2712 in
510 2646 670 2730 catalogis,
691 2646 832 2730 quamvis
847 2647 964 2729 multia,
980 2647 1151 2714 Abascanti
1172 2653 1277 2714 aetate
1299 2648 1395 2730 serip-

163 2757 216 2822 tis.
254 2757 431 2822 Titulorum
461 2764 567 2824 autem
587 2758 782 2841 Philistoris,
814 2776 893 2840 quos
915 2777 1011 2842 supra
1031 2758 1139 2836 attuli,
1166 2758 1247 2827 alter
1275 2757 1341 2836 (III
1362 2778 1393 2842 p.

162 2873 238 2949 444,
266 2871 297 2945 1)
319 2867 352 2933 in
372 2887 402 2935 a.
428 2872 488 2934 165
510 2867 562 2955 (ci.
585 2887 682 2951 supra
702 2889 773 2954 pag.
793 2868 863 2954 18),
889 2871 969 2937 alter
997 2870 1036 2958 (I,
1061 2870 1137 2958 523)
1164 2871 1196 2937 in
1225 2891 1253 2936 a.
1280 2875 1337 2935 171
1362 2891 1392 2954 p.

161 2978 241 3044 Chr.
263 2978 372 3044 incidit
395 2977 447 3064 (ei.
470 2977 570 3066 inin).
604 2981 716 3061 laque
738 2980 822 3048 intra
843 2983 900 3048 hos
923 2981 1057 3049 fortasse
1072 3001 1169 3050 annos
1184 2982 1394 3066 fragmentum

162 3093 214 3155 est
236 3089 460 3156 collocandum.
