3490 5296
715 1039 811 1138 lllll.

217 1247 280 1338 All
310 1250 392 1342 TIT.
422 1248 549 1339 APUD·
570 1246 747 1347 11111111,
789 1247 1062 1345 1111111111,
1109 1248 1212 1346 PAG.
1234 1253 1308 1334 493.

155 1476 250 1585 Apud
266 1503 384 1568 Pittak.
410 1503 515 1569 »l'anc
532 1502 691 1568 Athenas«
716 1522 785 1584 pag.
802 1509 863 1568 493
888 1508 975 1568 extat
997 1482 1124 1569 mancus
1144 1503 1265 1584 titulus,
1287 1521 1378 1584 quem

154 1613 187 1678 O.
210 1614 332 1678 Keilius
360 1615 392 1678 in
422 1614 503 1678 Mus.
534 1612 631 1678 Rhen.
661 1614 769 1679 XVIII
796 1633 867 1696 pag.
892 1618 931 1678 57
961 1632 1027 1695 sqq.
1056 1614 1170 1678 iterum
1209 1613 1307 1678 edidit
1342 1632 1381 1678 ex

154 1725 351 1806 Mustoxydis
375 1724 511 1802 schedis,
538 1725 643 1808 paullo
665 1725 876 1806 integriorem.
920 1724 969 1789 Ihi
990 1742 1036 1789 us.
1062 1730 1089 1788 1.
1114 1729 1142 1788 2.
1168 1724 1283 1805 legitur

249 1834 373 1923 Ἀγαθῇ
394 1837 468 1925 τύχῃ
492 1839 545 1899 τοῦ
568 1833 734 1917 Σεβαστοῦ
757 1834 915 1919 Καίσαρος
936 1834 968 1897 K
978 1880 1202 1898 ..........

248 1944 400 2017 Ἄλκωνος
421 1947 573 2037 ἄρχοντος
594 1947 641 2010 καὶ
664 1947 776 2035 ἱερέως
789 1946 946 2032 Apulique
963 1944 1080 2009 ὑπάτου
1096 1991 1199 2010 .....

238 2058 343 2140 Atque
364 2058 424 2123 hoc
447 2059 486 2123 de
509 2060 658 2125 archonte
679 2078 780 2140 pauca
803 2057 964 2122 disseram.
1010 2057 1123 2138 Agitur
1144 2057 1177 2121 in
1206 2056 1259 2120 illo
1288 2055 1380 2121 titulo

154 2170 192 2235 de
214 2168 370 2234 Nicanore
392 2169 536 2250 quodam,
559 2188 651 2250 quem
673 2189 735 2234 non
757 2173 829 2250 post
851 2188 879 2233 a.
905 2173 964 2232 117
993 2186 1022 2248 p.
1046 2167 1118 2233 Chr.
1143 2166 1286 2233 floruisse
1309 2168 1382 2232 Kei-

153 2280 213 2345 lins
235 2300 292 2362 pro
315 2285 401 2344 certo
425 2281 545 2345 statuit.
591 2280 638 2344 De
661 2298 698 2346 ea
719 2299 754 2344 re
777 2280 853 2343 nihil
877 2285 925 2343 est
945 2279 1162 2344 dubitandum.
1199 2278 1306 2360 Ipsum
1328 2297 1382 2342 au-

153 2395 217 2455 tem
239 2391 420 2456 archontem
442 2390 588 2456 Alconem
613 2393 682 2473 (aut
696 2391 861 2469 Laconem,
885 2408 956 2454 nam
978 2390 1024 2454 sic
1046 2408 1170 2472 quoque
1191 2390 1253 2472 legi
1276 2393 1382 2471 potest

153 2502 185 2566 in
214 2502 319 2585 titulo)
349 2502 423 2583 poni
449 2501 518 2566 vult
547 2502 579 2565 in
609 2502 743 2582 Augusti
773 2505 886 2566 aetate.
936 2502 979 2565 At
1007 2519 1052 2566 vs.
1082 2507 1099 2564 7
1133 2506 1384 2567 conmemoratur

154 2610 358 2700 ἀγωνοθέτης
373 2612 549 2694 &daucido
566 2613 737 2693 ἀ[γώνων].
771 2612 857 2676 Haec
873 2615 978 2676 aulem
994 2610 1145 2677 sollennia
1160 2631 1187 2676 a.
1206 2618 1245 2677 53
1266 2632 1295 2694 p.
1308 2611 1380 2676 Chr.

155 2725 279 2790 demum
302 2725 448 2790 instituta
471 2742 540 2790 esse
562 2762 605 2770 -
627 2742 688 2806 quo
711 2723 856 2787 nimirum
879 2742 960 2788 anno
989 2721 1191 2810 ἀγωνοθέτης
1220 2724 1382 2807 πρώτος

155 2839 217 2898 τῶν
238 2833 414 2917 tepuerat
437 2837 559 2917 ἀγώνων
581 2842 752 2918 conpareat
773 2873 814 2881 -
838 2853 934 2914 supra
955 2854 1025 2917 pag.
1051 2836 1099 2915 50,
1124 2840 1161 2898 51
1190 2835 1382 2900 demonstra·

155 2947 266 3012 vimus.
310 2948 422 3030 Itaque
444 2948 538 3012 Keilii
560 2947 715 3013 sententia
737 2947 866 3033 retineri
888 2964 949 3010 non
971 2948 1096 3028 poterit.
1139 2946 1200 3011 Sed
1224 2964 1317 3027 quam
1341 2946 1382 3012 ad

155 3063 289 3123 aetatem
313 3064 435 3142 spectat
457 3058 594 3125 archon?
633 3058 754 3123 Summi
775 3058 808 3127 iu
828 3059 887 3123 hac
909 3076 943 3121 re
966 3058 1114 3124 momenti
1136 3057 1283 3138 estquod
1300 3077 1345 3123 vs.
1364 3061 1379 3121 1

154 3168 270 3249 legitur
986 3210 991 3214 -

154 3284 1302 3363 nraertlwxrllr'orzflssazrorKarzapozl<
1309 3343 1383 3361 .....
1421 3375 1423 3378 Α

156 3412 234 3478 Cum
265 3411 304 3477 dc
326 3412 450 3477 Tiberio
481 3411 611 3477 Claudio
643 3414 780 3495 cogitare
808 3432 869 3479 non
898 3414 991 3478 liceat
1021 3432 1154 3495 cumque
1182 3432 1282 3479 annus
1312 3410 1382 3480 cese
1415 3434 1418 3439 ·

158 3523 270 3588 debeat
306 3528 381 3588 ante
418 3543 447 3588 a.
482 3530 540 3588 117
579 3543 609 3606 p.
641 3517 729 3604 Chr,
766 3525 843 3592 nihil
878 3525 962 3588 aliud
1000 3525 1137 3606 suppleri
1168 3529 1273 3604 potest
1307 3525 1383 3590 nisi:

154 3679 161 3695 .
174 3679 182 3695 .
195 3679 203 3695 .
216 3679 224 3695 .
237 3631 405 3715 Σεβαστοῦ
421 3633 582 3720 Καίσαρος
596 3634 658 3713 Ι1’[λ
668 3634 748 3697 uod.
765 3635 963 3719 Νέρωνος.
998 3634 1142 3699 obtinuit
1156 3635 1206 3700 hic
1220 3636 1384 3714 imperium

153 3745 225 3810 inde
247 3745 286 3810 ab
310 3763 338 3810 a.
361 3749 498 3810 54-68
521 3764 551 3826 p.
575 3745 647 3811 Chr.
693 3745 775 3810 Anni
798 3749 903 3809 autem
927 3749 1078 3823 54—61‚
1107 3749 1146 3809 65
1169 3764 1231 3810 non
1260 3750 1383 3811 vacant.

151 3856 285 3923 Proinde
316 3857 432 3922 archon
462 3855 513 3924 ille
545 3851 658 3920 Ἄλκων
688 3861 744 3921 aut
764 3855 875 3918 Λάκων
905 3856 1021 3921 archon
1049 3854 1145 3921 fuerit
1174 3860 1299 3937 oportet
1325 3862 1383 3922 aut

151 3967 235 4032 intra
257 3987 354 4035 annos
378 3973 518 4044 62-64,
549 3973 606 4034 aut
627 3969 709 4033 intra
731 3988 760 4033 a.
785 3973 909 4033 66-68
932 3988 962 4049 p.
987 3969 1058 4033 Chr.
1105 3969 1187 4034 Tum
1210 3986 1283 4050 ergo
1307 3974 1385 4033 tem-

149 4079 234 4161 poris
257 4080 383 4146 vivebat
411 4079 464 4145 ille
486 4080 638 4159 Nicanor,
669 4081 777 4163 quiin
805 4080 897 4145 titulo
927 4081 1127 4162 praedicatur
1157 4079 1227 4150 νέος
1248 4076 1386 4166 Ὅμηρος

151 4191 199 4252 καὶ
222 4189 293 4260 νέος
316 4189 541 4279 θεμισωκλῆς,
572 4198 605 4257 et
627 4189 813 4256 Salaminem
835 4191 985 4273 insulam,
1015 4211 1095 4275 quae
1117 4198 1184 4257 tum
1206 4212 1267 4259 non
1290 4192 1385 4259 Athe·

149 4303 304 4368 niensium
328 4310 404 4384 erat,
430 4305 494 4369 suis
518 4305 693 4385 sumptibus
717 4307 853 4385 emptam
873 4302 923 4367 his
939 4303 1074 4368 donavit.
1111 4304 1183 4368 Iure
1198 4305 1280 4368 enim
1296 4306 1385 4369 meri·

149 4418 245 4495 toque
261 4413 383 4479 Keilius
404 4414 508 4480 locum
523 4415 613 4479 Dion.
630 4413 790 4496 Chrysost.
814 4432 858 4478 or.
876 4418 912 4477 31
937 4431 966 4477 v.
989 4414 1005 4478 I
1031 4432 1062 4495 p.
1079 4418 1139 4478 627
1163 4434 1194 4496 p.
1212 4419 1272 4479 399
1292 4411 1383 4496 Emp.

148 4524 259 4590 retulit
281 4523 321 4591 ad
343 4525 529 4592 Nicanorem
552 4524 633 4590 illius
657 4523 749 4589 tituli.

617 4681 919 4693 Ἣ

1185 4715 1231 4785 10·
