<?xml version="1.0" encoding="UTF-8"?>
<!DOCTYPE html PUBLIC "-//W3C//DTD XHTML 1.0 Transitional//EN"
    "http://www.w3.org/TR/xhtml1/DTD/xhtml1-transitional.dtd">
<html xmlns="http://www.w3.org/1999/xhtml" xml:lang="en" lang="en">
 <head>
  <title>
</title>
<meta http-equiv="Content-Type" content="text/html;charset=utf-8" />
  <meta name='ocr-system' content='tesseract 3.04.00' />
  <meta name='ocr-capabilities' content='ocr_page ocr_carea ocr_par ocr_line ocrx_word'/>
</head>
<body>
  <div class='ocr_page' id='page_1' title='image "./commentationese01neubgoog_0054.png"; bbox 0 0 3510 5304; ppageno 0'>
   <div class='ocr_carea' id='block_1_1' title="bbox 679 414 891 478">
    <p class='ocr_par' dir='ltr' id='par_1_1' title="bbox 679 414 891 478">
     <span class='ocr_line' id='line_1_1' title="bbox 679 414 891 478; baseline -0.014 -17"><span class='ocrx_word' id='word_1_1' title='bbox 679 414 891 478; x_wconf 68' lang='lat'>..43-</span> 
     </span>
    </p>
   </div>
   <div class='ocr_carea' id='block_1_2' title="bbox 99 595 1404 4696">
    <p class='ocr_par' dir='ltr' id='par_1_2' title="bbox 99 595 1404 4696">
     <span class='ocr_line' id='line_1_2' title="bbox 99 595 1397 687; baseline -0.009 -16"><span class='ocrx_word' id='word_1_2' title='bbox 99 602 102 610; x_wconf 80' lang='lat'>&#39;</span> <span class='ocrx_word' id='word_1_3' title='bbox 168 601 332 670; x_wconf 90' lang='lat' dir='ltr'><strong>iudicandi</strong></span> <span class='ocrx_word' id='word_1_4' title='bbox 354 602 478 687; x_wconf 88' lang='lat' dir='ltr'><strong>publice</strong></span> <span class='ocrx_word' id='word_1_5' title='bbox 499 600 646 667; x_wconf 88' lang='lat' dir='ltr'><strong>instituti.</strong></span> <span class='ocrx_word' id='word_1_6' title='bbox 681 600 729 665; x_wconf 81' lang='lat' dir='ltr'><strong>Ex</strong></span> <span class='ocrx_word' id='word_1_7' title='bbox 751 598 865 680; x_wconf 88' lang='lat' dir='ltr'><strong>quibus</strong></span> <span class='ocrx_word' id='word_1_8' title='bbox 887 595 1089 680; x_wconf 85' lang='lat' dir='ltr'><strong>paedotribae</strong></span> <span class='ocrx_word' id='word_1_9' title='bbox 1110 601 1225 662; x_wconf 82' lang='lat' dir='ltr'><strong>munus</strong></span> <span class='ocrx_word' id='word_1_10' title='bbox 1241 613 1397 662; x_wconf 90' lang='lat' dir='ltr'><strong>summurn</strong></span> 
     </span>
     <span class='ocr_line' id='line_1_3' title="bbox 169 707 1397 792; baseline -0.007 -10"><span class='ocrx_word' id='word_1_11' title='bbox 169 719 205 782; x_wconf 88' lang='lat' dir='ltr'><strong>ct</strong></span> <span class='ocrx_word' id='word_1_12' title='bbox 226 714 481 781; x_wconf 90' lang='lat' dir='ltr'><strong>honestissimum</strong></span> <span class='ocrx_word' id='word_1_13' title='bbox 512 711 611 779; x_wconf 84' lang='lat' dir='ltr'><strong>tuisse</strong></span> <span class='ocrx_word' id='word_1_14' title='bbox 643 712 778 778; x_wconf 86' lang='lat' dir='ltr'><strong>videtur.</strong></span> <span class='ocrx_word' id='word_1_15' title='bbox 822 710 927 776; x_wconf 88' lang='lat' dir='ltr'><strong>Primo</strong></span> <span class='ocrx_word' id='word_1_16' title='bbox 959 709 1042 775; x_wconf 93' lang='lat' dir='ltr'><strong>enirn</strong></span> <span class='ocrx_word' id='word_1_17' title='bbox 1073 710 1149 776; x_wconf 76' lang='lat' dir='ltr'><strong>loco¹</strong></span> <span class='ocrx_word' id='word_1_18' title='bbox 1176 707 1242 775; x_wconf 84' lang='lat' dir='ltr'><strong>iere</strong></span> <span class='ocrx_word' id='word_1_19' title='bbox 1274 727 1397 792; x_wconf 88' lang='lat' dir='ltr'><strong>semper</strong></span> 
     </span>
     <span class='ocr_line' id='line_1_4' title="bbox 169 821 1397 908; baseline -0.005 -17"><span class='ocrx_word' id='word_1_20' title='bbox 169 830 267 908; x_wconf 88' lang='lat' dir='ltr'><strong>atque</strong></span> <span class='ocrx_word' id='word_1_21' title='bbox 288 825 366 893; x_wconf 90' lang='lat' dir='ltr'><strong>adeo</strong></span> <span class='ocrx_word' id='word_1_22' title='bbox 388 825 468 891; x_wconf 89' lang='lat' dir='ltr'><strong>haut</strong></span> <span class='ocrx_word' id='word_1_23' title='bbox 488 844 560 892; x_wconf 90' lang='lat' dir='ltr'><strong>raro</strong></span> <span class='ocrx_word' id='word_1_24' title='bbox 583 825 615 890; x_wconf 95' lang='lat' dir='ltr'><strong>in</strong></span> <span class='ocrx_word' id='word_1_25' title='bbox 639 824 715 908; x_wconf 88' lang='lat' dir='ltr'><strong>ipsis</strong></span> <span class='ocrx_word' id='word_1_26' title='bbox 738 823 903 889; x_wconf 89' lang='lat' dir='ltr'><strong>titulorum</strong></span> <span class='ocrx_word' id='word_1_27' title='bbox 924 821 1128 904; x_wconf 82' lang='lat' dir='ltr'><strong>praescriptis</strong></span> <span class='ocrx_word' id='word_1_28' title='bbox 1149 822 1238 888; x_wconf 77' lang='lat' dir='ltr'><strong>iuxta</strong></span> <span class='ocrx_word' id='word_1_29' title='bbox 1267 821 1397 886; x_wconf 88' lang='lat' dir='ltr'><strong>archon·</strong></span> 
     </span>
     <span class='ocr_line' id='line_1_5' title="bbox 170 933 1398 1018; baseline 0 -16"><span class='ocrx_word' id='word_1_30' title='bbox 170 940 291 1011; x_wconf 84' lang='lat' dir='ltr'><strong>temet</strong></span> <span class='ocrx_word' id='word_1_31' title='bbox 312 941 481 1003; x_wconf 86' lang='lat' dir='ltr'><strong>cosmetam</strong></span> <span class='ocrx_word' id='word_1_32' title='bbox 503 936 661 1002; x_wconf 82' lang='lat' dir='ltr'><strong>scribitur.</strong></span> <span class='ocrx_word' id='word_1_33' title='bbox 705 936 876 1002; x_wconf 88' lang='lat' dir='ltr'><strong>Praeterea</strong></span> <span class='ocrx_word' id='word_1_34' title='bbox 908 953 990 1001; x_wconf 92' lang='lat' dir='ltr'><strong>unus</strong></span> <span class='ocrx_word' id='word_1_35' title='bbox 1019 935 1157 1001; x_wconf 89' lang='lat' dir='ltr'><strong>omnium</strong></span> <span class='ocrx_word' id='word_1_36' title='bbox 1189 933 1309 1018; x_wconf 88' lang='lat' dir='ltr'><strong>primus</strong></span> <span class='ocrx_word' id='word_1_37' title='bbox 1341 952 1398 1018; x_wconf 88' lang='lat' dir='ltr'><strong>per</strong></span> 
     </span>
     <span class='ocr_line' id='line_1_6' title="bbox 170 1046 1398 1130; baseline -0.001 -17"><span class='ocrx_word' id='word_1_38' title='bbox 170 1047 256 1113; x_wconf 87' lang='lat' dir='ltr'><strong>uitae</strong></span> <span class='ocrx_word' id='word_1_39' title='bbox 277 1051 400 1128; x_wconf 91' lang='lat' dir='ltr'><strong>tempus</strong></span> <span class='ocrx_word' id='word_1_40' title='bbox 422 1066 551 1114; x_wconf 91' lang='lat' dir='ltr'><strong>munere</strong></span> <span class='ocrx_word' id='word_1_41' title='bbox 574 1046 717 1130; x_wconf 82' lang='lat' dir='ltr'><strong>fungitur</strong></span> <span class='ocrx_word' id='word_1_42' title='bbox 738 1047 848 1128; x_wconf 92' lang='lat' dir='ltr'><strong>idque,</strong></span> <span class='ocrx_word' id='word_1_43' title='bbox 882 1050 1034 1128; x_wconf 89' lang='lat' dir='ltr'><strong>quantum</strong></span> <span class='ocrx_word' id='word_1_44' title='bbox 1068 1065 1106 1112; x_wconf 81' lang='lat' dir='ltr'><strong>ex</strong></span> <span class='ocrx_word' id='word_1_45' title='bbox 1127 1046 1228 1111; x_wconf 87' lang='lat' dir='ltr'><strong>titulis</strong></span> <span class='ocrx_word' id='word_1_46' title='bbox 1262 1050 1398 1128; x_wconf 88' lang='lat' dir='ltr'><strong>constat,</strong></span> 
     </span>
     <span class='ocr_line' id='line_1_7' title="bbox 171 1157 1398 1240; baseline -0.001 -16"><span class='ocrx_word' id='word_1_47' title='bbox 171 1158 298 1228; x_wconf 82' lang='lat' dir='ltr'>circiter</span> <span class='ocrx_word' id='word_1_48' title='bbox 320 1159 393 1225; x_wconf 92' lang='lat' dir='ltr'><strong>inde</strong></span> <span class='ocrx_word' id='word_1_49' title='bbox 422 1160 461 1226; x_wconf 89' lang='lat' dir='ltr'><strong>ab</strong></span> <span class='ocrx_word' id='word_1_50' title='bbox 484 1158 638 1225; x_wconf 89' lang='lat' dir='ltr'><strong>Hadriani</strong></span> <span class='ocrx_word' id='word_1_51' title='bbox 666 1158 867 1240; x_wconf 87' lang='lat' dir='ltr'><strong>imperatoris</strong></span> <span class='ocrx_word' id='word_1_52' title='bbox 895 1160 1009 1222; x_wconf 89' lang='lat' dir='ltr'><strong>aetate.</strong></span> <span class='ocrx_word' id='word_1_53' title='bbox 1060 1157 1142 1222; x_wconf 83' lang='lat' dir='ltr'><strong>Ante</strong></span> <span class='ocrx_word' id='word_1_54' title='bbox 1175 1157 1398 1239; x_wconf 86' lang='lat' dir='ltr'><strong>imperatorum</strong></span> 
     </span>
     <span class='ocr_line' id='line_1_8' title="bbox 169 1268 1398 1353; baseline -0.001 -17"><span class='ocrx_word' id='word_1_55' title='bbox 169 1276 315 1353; x_wconf 89' lang='lat' dir='ltr'><strong>tempora</strong></span> <span class='ocrx_word' id='word_1_56' title='bbox 336 1289 444 1337; x_wconf 86' lang='lat' dir='ltr'><strong>eorum</strong></span> <span class='ocrx_word' id='word_1_57' title='bbox 466 1289 573 1336; x_wconf 89' lang='lat' dir='ltr'><strong>rernm</strong></span> <span class='ocrx_word' id='word_1_58' title='bbox 595 1288 678 1353; x_wconf 89' lang='lat' dir='ltr'><strong>quae</strong></span> <span class='ocrx_word' id='word_1_59' title='bbox 699 1269 740 1334; x_wconf 92' lang='lat' dir='ltr'><strong>ad</strong></span> <span class='ocrx_word' id='word_1_60' title='bbox 768 1269 982 1351; x_wconf 83' lang='lat' dir='ltr'><strong>gymnasticen</strong></span> <span class='ocrx_word' id='word_1_61' title='bbox 1013 1268 1215 1350; x_wconf 85' lang='lat' dir='ltr'><strong>corporisque</strong></span> <span class='ocrx_word' id='word_1_62' title='bbox 1247 1268 1398 1335; x_wconf 66' lang='lat' dir='ltr'><strong>enercita-r</strong></span> 
     </span>
     <span class='ocr_line' id='line_1_9' title="bbox 170 1378 1398 1467; baseline -0.007 -18"><span class='ocrx_word' id='word_1_63' title='bbox 170 1381 289 1449; x_wconf 89' lang='lat' dir='ltr'><strong>tionem</strong></span> <span class='ocrx_word' id='word_1_64' title='bbox 311 1386 456 1466; x_wconf 88' lang='lat' dir='ltr'><strong>spectant</strong></span> <span class='ocrx_word' id='word_1_65' title='bbox 484 1384 705 1464; x_wconf 83' lang='lat' dir='ltr'><strong>praeceptores</strong></span> <span class='ocrx_word' id='word_1_66' title='bbox 733 1398 856 1462; x_wconf 86' lang='lat' dir='ltr'><strong>semper</strong></span> <span class='ocrx_word' id='word_1_67' title='bbox 889 1384 963 1445; x_wconf 91' lang='lat' dir='ltr'><strong>sunt</strong></span> <span class='ocrx_word' id='word_1_68' title='bbox 994 1378 1148 1462; x_wconf 90' lang='lat' dir='ltr'><strong>quinque,</strong></span> <span class='ocrx_word' id='word_1_69' title='bbox 1183 1378 1398 1467; x_wconf 72' lang='grc' dir='ltr'><strong><em>παιδοτρίβης,</em></strong></span> 
     </span>
     <span class='ocr_line' id='line_1_10' title="bbox 169 1485 1397 1581; baseline -0.002 -26"><span class='ocrx_word' id='word_1_70' title='bbox 169 1486 357 1581; x_wconf 75' lang='grc' dir='ltr'><em>ὁπλομάχος,</em></span> <span class='ocrx_word' id='word_1_71' title='bbox 391 1492 582 1581; x_wconf 74' lang='grc' dir='ltr'><em>ἀκοντιστής,</em></span> <span class='ocrx_word' id='word_1_72' title='bbox 617 1485 755 1578; x_wconf 71' lang='grc' dir='ltr'><em>τοξότης,</em></span> <span class='ocrx_word' id='word_1_73' title='bbox 784 1488 1064 1576; x_wconf 78' lang='grc' dir='ltr'><em>καταπολτοιφέτης</em></span> <span class='ocrx_word' id='word_1_74' title='bbox 1094 1487 1158 1575; x_wconf 82' lang='lat' dir='ltr'><strong>(vel</strong></span> <span class='ocrx_word' id='word_1_75' title='bbox 1181 1489 1329 1578; x_wconf 51' lang='lat' dir='ltr'><strong>operm</strong></span> <span class='ocrx_word' id='word_1_76' title='bbox 1364 1494 1397 1558; x_wconf 86' lang='lat' dir='ltr'><strong>et</strong></span> 
     </span>
     <span class='ocr_line' id='line_1_11' title="bbox 169 1594 1400 1685; baseline -0.001 -15"><span class='ocrx_word' id='word_1_77' title='bbox 169 1604 479 1685; x_wconf 87' lang='lat' dir='ltr'><strong>comprehenduntur</strong></span> <span class='ocrx_word' id='word_1_78' title='bbox 507 1603 631 1670; x_wconf 91' lang='lat' dir='ltr'><strong>nomine</strong></span> <span class='ocrx_word' id='word_1_79' title='bbox 665 1594 850 1667; x_wconf 74' lang='grc' dir='ltr'><em>διδάσκαλοι</em></span> <span class='ocrx_word' id='word_1_80' title='bbox 883 1601 932 1667; x_wconf 85' lang='lat' dir='ltr'><strong>uei</strong></span> <span class='ocrx_word' id='word_1_81' title='bbox 961 1600 1140 1677; x_wconf 66' lang='lat' dir='ltr'><strong>cochenech</strong></span> <span class='ocrx_word' id='word_1_82' title='bbox 1173 1620 1307 1685; x_wconf 90' lang='lat' dir='ltr'><strong>quorum</strong></span> <span class='ocrx_word' id='word_1_83' title='bbox 1339 1602 1400 1669; x_wconf 88' lang='lat' dir='ltr'><strong>hoc</strong></span> 
     </span>
     <span class='ocr_line' id='line_1_12' title="bbox 172 1710 1399 1798; baseline -0.003 -17"><span class='ocrx_word' id='word_1_84' title='bbox 172 1733 288 1781; x_wconf 89' lang='lat' dir='ltr'><strong>nomen</strong></span> <span class='ocrx_word' id='word_1_85' title='bbox 311 1714 405 1782; x_wconf 89' lang='lat' dir='ltr'><strong>etiam</strong></span> <span class='ocrx_word' id='word_1_86' title='bbox 427 1716 653 1798; x_wconf 90' lang='lat' dir='ltr'><strong>imperatorum</strong></span> <span class='ocrx_word' id='word_1_87' title='bbox 675 1717 779 1779; x_wconf 85' lang='lat' dir='ltr'><strong>aetate</strong></span> <span class='ocrx_word' id='word_1_88' title='bbox 801 1717 974 1792; x_wconf 88' lang='lat' dir='ltr'><strong>usurpatur</strong></span> <span class='ocrx_word' id='word_1_89' title='bbox 992 1730 1093 1793; x_wconf 90' lang='lat' dir='ltr'><strong>usque</strong></span> <span class='ocrx_word' id='word_1_90' title='bbox 1110 1711 1176 1778; x_wconf 90' lang='lat' dir='ltr'><strong>fere</strong></span> <span class='ocrx_word' id='word_1_91' title='bbox 1190 1711 1231 1778; x_wconf 87' lang='lat' dir='ltr'><strong>ad</strong></span> <span class='ocrx_word' id='word_1_92' title='bbox 1246 1710 1399 1778; x_wconf 86' lang='lat' dir='ltr'><strong>Hadriani</strong></span> 
     </span>
     <span class='ocr_line' id='line_1_13' title="bbox 170 1824 1396 1907; baseline -0.002 -15"><span class='ocrx_word' id='word_1_93' title='bbox 170 1826 371 1907; x_wconf 87' lang='lat' dir='ltr'><strong>imperatoris</strong></span> <span class='ocrx_word' id='word_1_94' title='bbox 393 1830 545 1892; x_wconf 88' lang='lat' dir='ltr'><strong>aetatem:</strong></span> <span class='ocrx_word' id='word_1_95' title='bbox 568 1825 641 1892; x_wconf 90' lang='lat' dir='ltr'><strong>inde</strong></span> <span class='ocrx_word' id='word_1_96' title='bbox 664 1824 800 1891; x_wconf 90' lang='lat' dir='ltr'><strong>enimin</strong></span> <span class='ocrx_word' id='word_1_97' title='bbox 823 1824 908 1890; x_wconf 92' lang='lat' dir='ltr'><strong>nullo</strong></span> <span class='ocrx_word' id='word_1_98' title='bbox 932 1824 1025 1891; x_wconf 87' lang='lat' dir='ltr'><strong>titulo</strong></span> <span class='ocrx_word' id='word_1_99' title='bbox 1047 1825 1161 1906; x_wconf 88' lang='lat' dir='ltr'><strong>inueni,</strong></span> <span class='ocrx_word' id='word_1_100' title='bbox 1185 1824 1241 1891; x_wconf 89' lang='lat' dir='ltr'><strong>sed</strong></span> <span class='ocrx_word' id='word_1_101' title='bbox 1263 1824 1396 1891; x_wconf 90' lang='lat' dir='ltr'><strong>audiunt</strong></span> 
     </span>
     <span class='ocr_line' id='line_1_14' title="bbox 169 1933 1397 2025; baseline -0.002 -21"><span class='ocrx_word' id='word_1_102' title='bbox 169 1943 282 2022; x_wconf 91' lang='lat' dir='ltr'><strong>postea</strong></span> <span class='ocrx_word' id='word_1_103' title='bbox 304 1939 332 2001; x_wconf 81' lang='lat' dir='ltr'><strong>oi</strong></span> <span class='ocrx_word' id='word_1_104' title='bbox 355 1939 426 2025; x_wconf 77' lang='grc' dir='ltr'><em>περὶ</em></span> <span class='ocrx_word' id='word_1_105' title='bbox 448 1933 483 2003; x_wconf 78' lang='grc' dir='ltr'><em>τὰ</em></span> <span class='ocrx_word' id='word_1_106' title='bbox 504 1935 692 2020; x_wconf 57' lang='lat' dir='ltr'><strong>decreveram</strong></span> <span class='ocrx_word' id='word_1_107' title='bbox 714 1937 747 2001; x_wconf 94' lang='lat' dir='ltr'><strong>in</strong></span> <span class='ocrx_word' id='word_1_108' title='bbox 769 1955 832 2002; x_wconf 95' lang='lat' dir='ltr'><strong>uno</strong></span> <span class='ocrx_word' id='word_1_109' title='bbox 855 1936 948 2003; x_wconf 88' lang='lat' dir='ltr'><strong>titulo</strong></span> <span class='ocrx_word' id='word_1_110' title='bbox 972 1933 1035 2001; x_wconf 77' lang='lat' dir='ltr'><strong>dd.</strong></span> <span class='ocrx_word' id='word_1_111' title='bbox 1060 1936 1115 2018; x_wconf 90' lang='lat' dir='ltr'><strong>IV,</strong></span> <span class='ocrx_word' id='word_1_112' title='bbox 1140 1941 1211 2018; x_wconf 74' lang='lat'><strong>547,</strong></span> <span class='ocrx_word' id='word_1_113' title='bbox 1235 1941 1253 2001; x_wconf 83' lang='lat'><strong>2</strong></span> <span class='ocrx_word' id='word_1_114' title='bbox 1285 1953 1397 2002; x_wconf 87' lang='lat' dir='ltr'><strong>vocon-</strong></span> 
     </span>
     <span class='ocr_line' id='line_1_15' title="bbox 170 2044 1400 2139; baseline -0.002 -25"><span class='ocrx_word' id='word_1_115' title='bbox 170 2053 225 2114; x_wconf 89' lang='lat' dir='ltr'><strong>tur</strong></span> <span class='ocrx_word' id='word_1_116' title='bbox 246 2044 349 2122; x_wconf 80' lang='grc' dir='ltr'><em>τάξεις</em></span> <span class='ocrx_word' id='word_1_117' title='bbox 370 2047 403 2111; x_wconf 85' lang='grc' dir='ltr'><strong>ἐν</strong></span> <span class='ocrx_word' id='word_1_118' title='bbox 425 2046 598 2133; x_wconf 66' lang='grc' dir='ltr'><em>Διογενείῳ.</em></span> <span class='ocrx_word' id='word_1_119' title='bbox 636 2047 742 2130; x_wconf 88' lang='lat' dir='ltr'><strong>Atque</strong></span> <span class='ocrx_word' id='word_1_120' title='bbox 764 2065 802 2112; x_wconf 81' lang='lat' dir='ltr'><strong>ex</strong></span> <span class='ocrx_word' id='word_1_121' title='bbox 824 2047 961 2130; x_wconf 90' lang='lat' dir='ltr'><strong>quinque</strong></span> <span class='ocrx_word' id='word_1_122' title='bbox 983 2046 1146 2139; x_wconf 90' lang='lat' dir='ltr'><strong>illisnulli</strong></span> <span class='ocrx_word' id='word_1_123' title='bbox 1175 2048 1400 2129; x_wconf 85' lang='lat' dir='ltr'><strong>imperatorum</strong></span> 
     </span>
     <span class='ocr_line' id='line_1_16' title="bbox 170 2152 1399 2246; baseline -0.001 -20"><span class='ocrx_word' id='word_1_124' title='bbox 170 2163 277 2226; x_wconf 89' lang='lat' dir='ltr'><strong>aetate</strong></span> <span class='ocrx_word' id='word_1_125' title='bbox 300 2165 470 2241; x_wconf 82' lang='lat' dir='ltr'><strong>supersunt</strong></span> <span class='ocrx_word' id='word_1_126' title='bbox 491 2159 554 2224; x_wconf 90' lang='lat' dir='ltr'><strong>nisi</strong></span> <span class='ocrx_word' id='word_1_127' title='bbox 576 2157 785 2245; x_wconf 70' lang='grc' dir='ltr'><em>παιδοτρίβης</em></span> <span class='ocrx_word' id='word_1_128' title='bbox 805 2163 839 2224; x_wconf 87' lang='lat' dir='ltr'><strong>et</strong></span> <span class='ocrx_word' id='word_1_129' title='bbox 860 2152 1046 2246; x_wconf 78' lang='grc' dir='ltr'><em>ὁπλομάχος.</em></span> <span class='ocrx_word' id='word_1_130' title='bbox 1092 2159 1204 2242; x_wconf 90' lang='lat' dir='ltr'><strong>Itaque</strong></span> <span class='ocrx_word' id='word_1_131' title='bbox 1233 2157 1260 2224; x_wconf 89' lang='lat' dir='ltr'><strong>si</strong></span> <span class='ocrx_word' id='word_1_132' title='bbox 1282 2158 1315 2224; x_wconf 92' lang='lat' dir='ltr'><strong>in</strong></span> <span class='ocrx_word' id='word_1_133' title='bbox 1336 2175 1399 2240; x_wconf 89' lang='lat' dir='ltr'><strong>quo</strong></span> 
     </span>
     <span class='ocr_line' id='line_1_17' title="bbox 169 2265 1400 2359; baseline -0.002 -22"><span class='ocrx_word' id='word_1_134' title='bbox 169 2271 265 2337; x_wconf 81' lang='lat' dir='ltr'><strong>cicun</strong></span> <span class='ocrx_word' id='word_1_135' title='bbox 287 2272 423 2337; x_wconf 81' lang='lat' dir='ltr'><strong>occurit</strong></span> <span class='ocrx_word' id='word_1_136' title='bbox 445 2267 628 2358; x_wconf 75' lang='grc' dir='ltr'><em>ἀκοντιστής</em></span> <span class='ocrx_word' id='word_1_137' title='bbox 648 2271 697 2336; x_wconf 86' lang='lat' dir='ltr'><strong>vel</strong></span> <span class='ocrx_word' id='word_1_138' title='bbox 721 2265 853 2359; x_wconf 73' lang='grc' dir='ltr'><em>τοξότης</em></span> <span class='ocrx_word' id='word_1_139' title='bbox 873 2269 923 2337; x_wconf 81' lang='lat' dir='ltr'><strong>vel</strong></span> <span class='ocrx_word' id='word_1_140' title='bbox 957 2268 1258 2357; x_wconf 80' lang='grc' dir='ltr'><em>καταπαλταφέτης,</em></span> <span class='ocrx_word' id='word_1_141' title='bbox 1292 2269 1400 2336; x_wconf 84' lang='lat' dir='ltr'><strong>statim</strong></span> 
     </span>
     <span class='ocr_line' id='line_1_18' title="bbox 171 2380 1401 2464; baseline -0.001 -16"><span class='ocrx_word' id='word_1_142' title='bbox 171 2382 337 2449; x_wconf 86' lang='lat' dir='ltr'><strong>diiudicari</strong></span> <span class='ocrx_word' id='word_1_143' title='bbox 358 2386 463 2464; x_wconf 90' lang='lat' dir='ltr'><strong>potest</strong></span> <span class='ocrx_word' id='word_1_144' title='bbox 486 2382 612 2447; x_wconf 92' lang='lat' dir='ltr'><strong>titulum</strong></span> <span class='ocrx_word' id='word_1_145' title='bbox 634 2401 696 2448; x_wconf 91' lang='lat' dir='ltr'><strong>non</strong></span> <span class='ocrx_word' id='word_1_146' title='bbox 718 2401 811 2463; x_wconf 91' lang='lat' dir='ltr'><strong>posse</strong></span> <span class='ocrx_word' id='word_1_147' title='bbox 833 2382 970 2448; x_wconf 87' lang='lat' dir='ltr'><strong>incidere</strong></span> <span class='ocrx_word' id='word_1_148' title='bbox 1001 2382 1034 2446; x_wconf 92' lang='lat' dir='ltr'><strong>in</strong></span> <span class='ocrx_word' id='word_1_149' title='bbox 1063 2380 1287 2463; x_wconf 85' lang='lat' dir='ltr'><strong>imperatorum</strong></span> <span class='ocrx_word' id='word_1_150' title='bbox 1315 2385 1401 2447; x_wconf 90' lang='lat' dir='ltr'><strong>aeta·</strong></span> 
     </span>
     <span class='ocr_line' id='line_1_19' title="bbox 171 2491 1400 2576; baseline -0.001 -17"><span class='ocrx_word' id='word_1_151' title='bbox 171 2498 245 2560; x_wconf 88' lang='lat' dir='ltr'><strong>tem.</strong></span> <span class='ocrx_word' id='word_1_152' title='bbox 290 2494 339 2559; x_wconf 85' lang='lat' dir='ltr'><strong>Ea</strong></span> <span class='ocrx_word' id='word_1_153' title='bbox 361 2499 467 2560; x_wconf 85' lang='lat' dir='ltr'><strong>autern</strong></span> <span class='ocrx_word' id='word_1_154' title='bbox 489 2498 595 2560; x_wconf 88' lang='lat' dir='ltr'><strong>aetate</strong></span> <span class='ocrx_word' id='word_1_155' title='bbox 616 2495 844 2576; x_wconf 83' lang='lat' dir='ltr'><strong>gymnasticam</strong></span> <span class='ocrx_word' id='word_1_156' title='bbox 865 2512 933 2561; x_wconf 90' lang='lat' dir='ltr'><strong>rem</strong></span> <span class='ocrx_word' id='word_1_157' title='bbox 948 2510 1030 2574; x_wconf 89' lang='lat' dir='ltr'><strong>quae</strong></span> <span class='ocrx_word' id='word_1_158' title='bbox 1044 2492 1170 2576; x_wconf 91' lang='lat' dir='ltr'><strong>proprie</strong></span> <span class='ocrx_word' id='word_1_159' title='bbox 1186 2492 1301 2559; x_wconf 89' lang='lat' dir='ltr'><strong>dicitur</strong></span> <span class='ocrx_word' id='word_1_160' title='bbox 1315 2491 1400 2559; x_wconf 91' lang='lat' dir='ltr'><strong>solus</strong></span> 
     </span>
     <span class='ocr_line' id='line_1_20' title="bbox 170 2602 1401 2686; baseline -0.002 -17"><span class='ocrx_word' id='word_1_161' title='bbox 170 2604 365 2686; x_wconf 87' lang='lat' dir='ltr'><strong>paedotriba,</strong></span> <span class='ocrx_word' id='word_1_162' title='bbox 388 2603 555 2671; x_wconf 90' lang='lat' dir='ltr'><strong>militarem</strong></span> <span class='ocrx_word' id='word_1_163' title='bbox 577 2604 831 2671; x_wconf 78' lang='lat' dir='ltr'><strong>exercitationem</strong></span> <span class='ocrx_word' id='word_1_164' title='bbox 853 2621 1008 2685; x_wconf 86' lang='lat' dir='ltr'><strong>usumque</strong></span> <span class='ocrx_word' id='word_1_165' title='bbox 1023 2622 1182 2670; x_wconf 84' lang='lat' dir='ltr'><strong>armorum</strong></span> <span class='ocrx_word' id='word_1_166' title='bbox 1197 2621 1279 2669; x_wconf 89' lang='lat' dir='ltr'><strong>unus</strong></span> <span class='ocrx_word' id='word_1_167' title='bbox 1293 2602 1401 2685; x_wconf 83' lang='lat' dir='ltr'><strong>hoplo.</strong></span> 
     </span>
     <span class='ocr_line' id='line_1_21' title="bbox 172 2714 1389 2796; baseline -0.005 -11"><span class='ocrx_word' id='word_1_168' title='bbox 172 2715 305 2785; x_wconf 86' lang='lat' dir='ltr'><strong>machus</strong></span> <span class='ocrx_word' id='word_1_169' title='bbox 339 2714 438 2781; x_wconf 91' lang='lat' dir='ltr'><strong>docet.</strong></span> <span class='ocrx_word' id='word_1_170' title='bbox 493 2715 605 2795; x_wconf 88' lang='lat' dir='ltr'><strong>Neque</strong></span> <span class='ocrx_word' id='word_1_171' title='bbox 637 2715 669 2780; x_wconf 93' lang='lat' dir='ltr'><strong>id</strong></span> <span class='ocrx_word' id='word_1_172' title='bbox 703 2715 825 2780; x_wconf 87' lang='lat' dir='ltr'><strong>mirum.</strong></span> <span class='ocrx_word' id='word_1_173' title='bbox 881 2714 1042 2781; x_wconf 90' lang='lat' dir='ltr'><strong>Prioribus</strong></span> <span class='ocrx_word' id='word_1_174' title='bbox 1081 2733 1157 2781; x_wconf 88' lang='lat' dir='ltr'><strong>sane</strong></span> <span class='ocrx_word' id='word_1_175' title='bbox 1195 2714 1389 2796; x_wconf 86' lang='lat' dir='ltr'><strong>temporibus</strong></span> 
     </span>
     <span class='ocr_line' id='line_1_22' title="bbox 170 2824 1399 2907; baseline -0.002 -14"><span class='ocrx_word' id='word_1_176' title='bbox 170 2825 417 2893; x_wconf 83' lang='lat' dir='ltr'><strong>Atheniensibus</strong></span> <span class='ocrx_word' id='word_1_177' title='bbox 439 2826 518 2891; x_wconf 95' lang='lat' dir='ltr'><strong>nihil</strong></span> <span class='ocrx_word' id='word_1_178' title='bbox 539 2825 651 2891; x_wconf 88' lang='lat' dir='ltr'><strong>maiori</strong></span> <span class='ocrx_word' id='word_1_179' title='bbox 681 2825 742 2891; x_wconf 86' lang='lat' dir='ltr'><strong>tuit</strong></span> <span class='ocrx_word' id='word_1_180' title='bbox 769 2844 864 2892; x_wconf 88' lang='lat' dir='ltr'><strong>curae</strong></span> <span class='ocrx_word' id='word_1_181' title='bbox 885 2843 984 2907; x_wconf 90' lang='lat' dir='ltr'><strong>quam</strong></span> <span class='ocrx_word' id='word_1_182' title='bbox 1005 2834 1043 2893; x_wconf 88' lang='lat' dir='ltr'><strong>ut</strong></span> <span class='ocrx_word' id='word_1_183' title='bbox 1062 2826 1192 2893; x_wconf 84' lang='lat' dir='ltr'><strong>iuvenes</strong></span> <span class='ocrx_word' id='word_1_184' title='bbox 1220 2844 1287 2892; x_wconf 89' lang='lat' dir='ltr'><strong>rem</strong></span> <span class='ocrx_word' id='word_1_185' title='bbox 1317 2824 1399 2890; x_wconf 90' lang='lat' dir='ltr'><strong>mili·</strong></span> 
     </span>
     <span class='ocr_line' id='line_1_23' title="bbox 171 2937 1399 3006; baseline 0.002 -3"><span class='ocrx_word' id='word_1_186' title='bbox 171 2943 275 3004; x_wconf 86' lang='lat' dir='ltr'><strong>tarem</strong></span> <span class='ocrx_word' id='word_1_187' title='bbox 298 2937 456 3004; x_wconf 88' lang='lat' dir='ltr'><strong>discerent</strong></span> <span class='ocrx_word' id='word_1_188' title='bbox 478 2942 511 3003; x_wconf 91' lang='lat' dir='ltr'><strong>et</strong></span> <span class='ocrx_word' id='word_1_189' title='bbox 537 2938 659 3004; x_wconf 88' lang='lat' dir='ltr'><strong>ratione</strong></span> <span class='ocrx_word' id='word_1_190' title='bbox 689 2942 722 3003; x_wconf 86' lang='lat' dir='ltr'><strong>et</strong></span> <span class='ocrx_word' id='word_1_191' title='bbox 747 2956 816 3003; x_wconf 89' lang='lat' dir='ltr'><strong>usu.</strong></span> <span class='ocrx_word' id='word_1_192' title='bbox 862 2937 941 3004; x_wconf 84' lang='lat' dir='ltr'><strong>Cum</strong></span> <span class='ocrx_word' id='word_1_193' title='bbox 968 2958 1042 3006; x_wconf 86' lang='lat' dir='ltr'><strong>uero</strong></span> <span class='ocrx_word' id='word_1_194' title='bbox 1064 2938 1304 3005; x_wconf 88' lang='lat' dir='ltr'><strong>Atheniensium</strong></span> <span class='ocrx_word' id='word_1_195' title='bbox 1335 2955 1399 3005; x_wconf 88' lang='lat' dir='ltr'><strong>res·</strong></span> 
     </span>
     <span class='ocr_line' id='line_1_24' title="bbox 169 3050 1397 3133; baseline -0.002 -17"><span class='ocrx_word' id='word_1_196' title='bbox 169 3050 298 3132; x_wconf 89' lang='lat' dir='ltr'><strong>publica</strong></span> <span class='ocrx_word' id='word_1_197' title='bbox 332 3051 381 3116; x_wconf 89' lang='lat' dir='ltr'><strong>sui</strong></span> <span class='ocrx_word' id='word_1_198' title='bbox 408 3050 486 3116; x_wconf 89' lang='lat' dir='ltr'><strong>iuris</strong></span> <span class='ocrx_word' id='word_1_199' title='bbox 519 3069 588 3117; x_wconf 91' lang='lat' dir='ltr'><strong>esse</strong></span> <span class='ocrx_word' id='word_1_200' title='bbox 621 3051 768 3117; x_wconf 89' lang='lat' dir='ltr'><strong>desiisset</strong></span> <span class='ocrx_word' id='word_1_201' title='bbox 790 3050 1066 3133; x_wconf 86' lang='lat' dir='ltr'><strong>Romanommque</strong></span> <span class='ocrx_word' id='word_1_202' title='bbox 1098 3050 1228 3131; x_wconf 90' lang='lat' dir='ltr'><strong>imperio</strong></span> <span class='ocrx_word' id='word_1_203' title='bbox 1261 3052 1397 3132; x_wconf 86' lang='lat' dir='ltr'><strong>pareret,</strong></span> 
     </span>
     <span class='ocr_line' id='line_1_25' title="bbox 171 3159 1400 3244; baseline -0.005 -15"><span class='ocrx_word' id='word_1_204' title='bbox 171 3161 287 3229; x_wconf 86' lang='lat' dir='ltr'><strong>bellica</strong></span> <span class='ocrx_word' id='word_1_205' title='bbox 309 3162 423 3228; x_wconf 80' lang='lat' dir='ltr'><strong>ciuium</strong></span> <span class='ocrx_word' id='word_1_206' title='bbox 444 3161 545 3228; x_wconf 85' lang='lat' dir='ltr'><strong>virtus</strong></span> <span class='ocrx_word' id='word_1_207' title='bbox 566 3162 750 3228; x_wconf 89' lang='lat' dir='ltr'><strong>iamdudum</strong></span> <span class='ocrx_word' id='word_1_208' title='bbox 772 3162 952 3244; x_wconf 82' lang='lat' dir='ltr'><strong>languebat,</strong></span> <span class='ocrx_word' id='word_1_209' title='bbox 973 3179 1075 3243; x_wconf 91' lang='lat' dir='ltr'><strong>neque</strong></span> <span class='ocrx_word' id='word_1_210' title='bbox 1097 3160 1230 3244; x_wconf 88' lang='lat' dir='ltr'><strong>amplius</strong></span> <span class='ocrx_word' id='word_1_211' title='bbox 1256 3176 1335 3243; x_wconf 91' lang='lat' dir='ltr'><strong>opus</strong></span> <span class='ocrx_word' id='word_1_212' title='bbox 1358 3159 1400 3226; x_wconf 87' lang='lat' dir='ltr'><strong>vi-</strong></span> 
     </span>
     <span class='ocr_line' id='line_1_26' title="bbox 172 3271 1401 3356; baseline -0.002 -17"><span class='ocrx_word' id='word_1_213' title='bbox 172 3272 308 3339; x_wconf 90' lang='lat' dir='ltr'><strong>debatur</strong></span> <span class='ocrx_word' id='word_1_214' title='bbox 330 3277 367 3338; x_wconf 91' lang='lat' dir='ltr'><strong>ut</strong></span> <span class='ocrx_word' id='word_1_215' title='bbox 388 3273 471 3339; x_wconf 89' lang='lat' dir='ltr'><strong>cives</strong></span> <span class='ocrx_word' id='word_1_216' title='bbox 493 3273 535 3339; x_wconf 87' lang='lat' dir='ltr'><strong>od</strong></span> <span class='ocrx_word' id='word_1_217' title='bbox 557 3272 785 3340; x_wconf 81' lang='lat' dir='ltr'><strong>defendenda-m</strong></span> <span class='ocrx_word' id='word_1_218' title='bbox 805 3274 939 3356; x_wconf 89' lang='lat' dir='ltr'><strong>patriam</strong></span> <span class='ocrx_word' id='word_1_219' title='bbox 970 3273 1188 3339; x_wconf 86' lang='lat' dir='ltr'><strong>educarentur.</strong></span> <span class='ocrx_word' id='word_1_220' title='bbox 1233 3272 1346 3355; x_wconf 91' lang='lat' dir='ltr'><strong>Itaque</strong></span> <span class='ocrx_word' id='word_1_221' title='bbox 1368 3271 1401 3337; x_wconf 95' lang='lat' dir='ltr'><strong>in</strong></span> 
     </span>
     <span class='ocr_line' id='line_1_27' title="bbox 172 3382 1401 3468; baseline -0.002 -17"><span class='ocrx_word' id='word_1_222' title='bbox 172 3385 364 3468; x_wconf 88' lang='lat' dir='ltr'><strong>epheborum</strong></span> <span class='ocrx_word' id='word_1_223' title='bbox 385 3385 548 3467; x_wconf 82' lang='lat' dir='ltr'><strong>gymnasio</strong></span> <span class='ocrx_word' id='word_1_224' title='bbox 571 3403 652 3451; x_wconf 92' lang='lat' dir='ltr'><strong>unus</strong></span> <span class='ocrx_word' id='word_1_225' title='bbox 673 3384 897 3468; x_wconf 89' lang='lat' dir='ltr'><strong>hoplomachus</strong></span> <span class='ocrx_word' id='word_1_226' title='bbox 920 3389 995 3451; x_wconf 91' lang='lat' dir='ltr'><strong>tunc</strong></span> <span class='ocrx_word' id='word_1_227' title='bbox 1017 3384 1142 3466; x_wconf 90' lang='lat' dir='ltr'><strong>quidem</strong></span> <span class='ocrx_word' id='word_1_228' title='bbox 1164 3382 1291 3449; x_wconf 84' lang='lat' dir='ltr'><strong>militari</strong></span> <span class='ocrx_word' id='word_1_229' title='bbox 1314 3401 1401 3449; x_wconf 86' lang='lat' dir='ltr'><strong>exer·</strong></span> 
     </span>
     <span class='ocr_line' id='line_1_28' title="bbox 173 3492 1402 3580; baseline -0.003 -17"><span class='ocrx_word' id='word_1_230' title='bbox 173 3496 324 3576; x_wconf 88' lang='lat' dir='ltr'><strong>citationi,</strong></span> <span class='ocrx_word' id='word_1_231' title='bbox 347 3497 374 3561; x_wconf 93' lang='lat' dir='ltr'><strong>si</strong></span> <span class='ocrx_word' id='word_1_232' title='bbox 396 3495 522 3580; x_wconf 90' lang='lat' dir='ltr'><strong>quidem</strong></span> <span class='ocrx_word' id='word_1_233' title='bbox 544 3496 618 3562; x_wconf 89' lang='lat' dir='ltr'><strong>talis</strong></span> <span class='ocrx_word' id='word_1_234' title='bbox 640 3494 701 3562; x_wconf 82' lang='lat' dir='ltr'><strong>fuit</strong></span> <span class='ocrx_word' id='word_1_235' title='bbox 722 3514 759 3562; x_wconf 89' lang='lat' dir='ltr'><strong>ac</strong></span> <span class='ocrx_word' id='word_1_236' title='bbox 780 3515 842 3561; x_wconf 89' lang='lat' dir='ltr'><strong>non</strong></span> <span class='ocrx_word' id='word_1_237' title='bbox 863 3497 969 3578; x_wconf 84' lang='lat' dir='ltr'><strong>potius</strong></span> <span class='ocrx_word' id='word_1_238' title='bbox 990 3513 1106 3561; x_wconf 87' lang='lat' dir='ltr'><strong>vanum</strong></span> <span class='ocrx_word' id='word_1_239' title='bbox 1120 3493 1290 3562; x_wconf 90' lang='lat' dir='ltr'><strong>ludibrium</strong></span> <span class='ocrx_word' id='word_1_240' title='bbox 1304 3492 1402 3576; x_wconf 90' lang='lat' dir='ltr'><strong>quod-</strong></span> 
     </span>
     <span class='ocr_line' id='line_1_29' title="bbox 173 3605 1401 3694; baseline -0.002 -21"><span class='ocrx_word' id='word_1_241' title='bbox 173 3608 256 3690; x_wconf 86' lang='lat' dir='ltr'><strong>dam,</strong></span> <span class='ocrx_word' id='word_1_242' title='bbox 285 3606 446 3674; x_wconf 84' lang='lat' dir='ltr'><strong>satisfecit.</strong></span> <span class='ocrx_word' id='word_1_243' title='bbox 497 3608 617 3675; x_wconf 92' lang='lat' dir='ltr'><strong>Idcirco</strong></span> <span class='ocrx_word' id='word_1_244' title='bbox 640 3609 702 3673; x_wconf 89' lang='lat' dir='ltr'><strong>iam</strong></span> <span class='ocrx_word' id='word_1_245' title='bbox 732 3624 833 3689; x_wconf 89' lang='lat' dir='ltr'><strong>neque</strong></span> <span class='ocrx_word' id='word_1_246' title='bbox 857 3605 989 3694; x_wconf 69' lang='grc' dir='ltr'><em>τοξότης</em></span> <span class='ocrx_word' id='word_1_247' title='bbox 1009 3625 1111 3689; x_wconf 89' lang='lat' dir='ltr'><strong>neque</strong></span> <span class='ocrx_word' id='word_1_248' title='bbox 1134 3605 1314 3694; x_wconf 75' lang='grc' dir='ltr'><em>ἀκοντιστής</em></span> <span class='ocrx_word' id='word_1_249' title='bbox 1336 3623 1401 3671; x_wconf 88' lang='lat' dir='ltr'><strong>am·</strong></span> 
     </span>
     <span class='ocr_line' id='line_1_30' title="bbox 173 3716 1402 3804; baseline -0.002 -20"><span class='ocrx_word' id='word_1_250' title='bbox 173 3720 257 3804; x_wconf 92' lang='lat' dir='ltr'><strong>plius</strong></span> <span class='ocrx_word' id='word_1_251' title='bbox 279 3719 437 3786; x_wconf 83' lang='lat' dir='ltr'><strong>invenitur</strong></span> <span class='ocrx_word' id='word_1_252' title='bbox 451 3719 484 3784; x_wconf 90' lang='lat' dir='ltr'><strong>in</strong></span> <span class='ocrx_word' id='word_1_253' title='bbox 506 3721 668 3802; x_wconf 84' lang='lat' dir='ltr'><strong>gymnasio</strong></span> <span class='ocrx_word' id='word_1_254' title='bbox 683 3737 785 3801; x_wconf 89' lang='lat' dir='ltr'><strong>neque</strong></span> <span class='ocrx_word' id='word_1_255' title='bbox 800 3718 935 3799; x_wconf 91' lang='lat' dir='ltr'><strong>deniqne</strong></span> <span class='ocrx_word' id='word_1_256' title='bbox 950 3716 1241 3804; x_wconf 70' lang='grc' dir='ltr'><em>καταπολταφέτητ;</em></span> <span class='ocrx_word' id='word_1_257' title='bbox 1261 3716 1402 3800; x_wconf 84' lang='lat' dir='ltr'><strong>quamvis</strong></span> 
     </span>
     <span class='ocr_line' id='line_1_31' title="bbox 173 3829 1401 3915; baseline -0.006 -17"><span class='ocrx_word' id='word_1_258' title='bbox 173 3832 258 3898; x_wconf 89' lang='lat' dir='ltr'><strong>enim</strong></span> <span class='ocrx_word' id='word_1_259' title='bbox 279 3831 313 3896; x_wconf 92' lang='lat' dir='ltr'><strong>in</strong></span> <span class='ocrx_word' id='word_1_260' title='bbox 334 3830 401 3897; x_wconf 90' lang='lat' dir='ltr'><strong>eius</strong></span> <span class='ocrx_word' id='word_1_261' title='bbox 424 3831 526 3896; x_wconf 90' lang='lat' dir='ltr'><strong>locum</strong></span> <span class='ocrx_word' id='word_1_262' title='bbox 548 3830 722 3913; x_wconf 89' lang='lat' dir='ltr'><strong>posteriore</strong></span> <span class='ocrx_word' id='word_1_263' title='bbox 745 3835 885 3913; x_wconf 87' lang='lat' dir='ltr'><strong>tempore</strong></span> <span class='ocrx_word' id='word_1_264' title='bbox 908 3829 1096 3895; x_wconf 87' lang='lat' dir='ltr'><strong>successisse</strong></span> <span class='ocrx_word' id='word_1_265' title='bbox 1118 3829 1262 3894; x_wconf 87' lang='lat' dir='ltr'><strong>videatur</strong></span> <span class='ocrx_word' id='word_1_266' title='bbox 1277 3851 1401 3915; x_wconf 80' lang='grc' dir='ltr'><em>κεττρο-</em></span> 
     </span>
     <span class='ocr_line' id='line_1_32' title="bbox 174 3939 1402 4028; baseline 0 -22"><span class='ocrx_word' id='word_1_267' title='bbox 174 3941 287 4028; x_wconf 76' lang='grc' dir='ltr'><em>φύλαξ,</em></span> <span class='ocrx_word' id='word_1_268' title='bbox 303 3940 362 4007; x_wconf 93' lang='lat' dir='ltr'><strong>hoc</strong></span> <span class='ocrx_word' id='word_1_269' title='bbox 377 3946 485 4007; x_wconf 89' lang='lat' dir='ltr'><strong>tamen</strong></span> <span class='ocrx_word' id='word_1_270' title='bbox 501 3941 686 4008; x_wconf 87' lang='lat' dir='ltr'><strong>vocabulum</strong></span> <span class='ocrx_word' id='word_1_271' title='bbox 701 3942 819 4007; x_wconf 86' lang='lat' dir='ltr'><strong>indicat</strong></span> <span class='ocrx_word' id='word_1_272' title='bbox 833 3939 910 4006; x_wconf 91' lang='lat' dir='ltr'><strong>illud</strong></span> <span class='ocrx_word' id='word_1_273' title='bbox 924 3940 1137 4023; x_wconf 86' lang='lat' dir='ltr'><strong>praeceptoris</strong></span> <span class='ocrx_word' id='word_1_274' title='bbox 1160 3957 1273 4006; x_wconf 91' lang='lat' dir='ltr'><strong>munus</strong></span> <span class='ocrx_word' id='word_1_275' title='bbox 1288 3940 1402 4006; x_wconf 88' lang='lat' dir='ltr'><strong>abiisse</strong></span> 
     </span>
     <span class='ocr_line' id='line_1_33' title="bbox 173 4050 1404 4136; baseline -0.005 -15"><span class='ocrx_word' id='word_1_276' title='bbox 173 4056 206 4121; x_wconf 89' lang='lat' dir='ltr'><strong>in</strong></span> <span class='ocrx_word' id='word_1_277' title='bbox 227 4055 290 4121; x_wconf 86' lang='lat' dir='ltr'><strong>virn</strong></span> <span class='ocrx_word' id='word_1_278' title='bbox 313 4054 457 4120; x_wconf 91' lang='lat' dir='ltr'><strong>ministri.</strong></span> <span class='ocrx_word' id='word_1_279' title='bbox 502 4055 627 4120; x_wconf 88' lang='lat' dir='ltr'><strong>Revera</strong></span> <span class='ocrx_word' id='word_1_280' title='bbox 656 4073 731 4136; x_wconf 82' lang='lat' dir='ltr'><strong>ergo</strong></span> <span class='ocrx_word' id='word_1_281' title='bbox 764 4054 875 4120; x_wconf 91' lang='lat' dir='ltr'><strong>unicus</strong></span> <span class='ocrx_word' id='word_1_282' title='bbox 907 4051 1131 4134; x_wconf 89' lang='lat' dir='ltr'><strong>hoplomachus</strong></span> <span class='ocrx_word' id='word_1_283' title='bbox 1165 4057 1240 4117; x_wconf 92' lang='lat' dir='ltr'><strong>tunc</strong></span> <span class='ocrx_word' id='word_1_284' title='bbox 1272 4050 1404 4117; x_wconf 86' lang='lat' dir='ltr'><strong>inseruit</strong></span> 
     </span>
     <span class='ocr_line' id='line_1_34' title="bbox 174 4161 1403 4248; baseline -0.004 -16"><span class='ocrx_word' id='word_1_285' title='bbox 174 4167 303 4232; x_wconf 87' lang='lat' dir='ltr'><strong>militari</strong></span> <span class='ocrx_word' id='word_1_286' title='bbox 326 4165 555 4231; x_wconf 80' lang='lat' dir='ltr'><strong>exercitationi.</strong></span> <span class='ocrx_word' id='word_1_287' title='bbox 603 4165 731 4231; x_wconf 89' lang='lat' dir='ltr'><strong>Accedit</strong></span> <span class='ocrx_word' id='word_1_288' title='bbox 753 4164 838 4248; x_wconf 87' lang='lat' dir='ltr'><strong>quod</strong></span> <span class='ocrx_word' id='word_1_289' title='bbox 859 4183 898 4229; x_wconf 81' lang='lat' dir='ltr'><strong>ex</strong></span> <span class='ocrx_word' id='word_1_290' title='bbox 919 4180 981 4244; x_wconf 93' lang='lat' dir='ltr'><strong>quo</strong></span> <span class='ocrx_word' id='word_1_291' title='bbox 1004 4181 1071 4229; x_wconf 87' lang='lat' dir='ltr'><strong>mos</strong></span> <span class='ocrx_word' id='word_1_292' title='bbox 1095 4181 1200 4229; x_wconf 89' lang='lat' dir='ltr'><strong>secum</strong></span> <span class='ocrx_word' id='word_1_293' title='bbox 1222 4161 1345 4229; x_wconf 87' lang='lat' dir='ltr'><strong>ferebat</strong></span> <span class='ocrx_word' id='word_1_294' title='bbox 1366 4165 1403 4229; x_wconf 93' lang='lat' dir='ltr'><strong>ut</strong></span> 
     </span>
     <span class='ocr_line' id='line_1_35' title="bbox 174 4272 1401 4361; baseline -0.007 -15"><span class='ocrx_word' id='word_1_295' title='bbox 174 4277 388 4346; x_wconf 88' lang='lat' dir='ltr'><strong>nobilissimus</strong></span> <span class='ocrx_word' id='word_1_296' title='bbox 411 4278 544 4361; x_wconf 91' lang='lat' dir='ltr'><strong>quisque</strong></span> <span class='ocrx_word' id='word_1_297' title='bbox 566 4280 598 4342; x_wconf 92' lang='lat' dir='ltr'><strong>et</strong></span> <span class='ocrx_word' id='word_1_298' title='bbox 621 4276 794 4342; x_wconf 89' lang='lat' dir='ltr'><strong>ditissimus</strong></span> <span class='ocrx_word' id='word_1_299' title='bbox 817 4274 949 4340; x_wconf 90' lang='lat' dir='ltr'><strong>Athenis</strong></span> <span class='ocrx_word' id='word_1_300' title='bbox 971 4275 1003 4339; x_wconf 94' lang='lat' dir='ltr'><strong>in</strong></span> <span class='ocrx_word' id='word_1_301' title='bbox 1025 4274 1217 4356; x_wconf 87' lang='lat' dir='ltr'><strong>epheborum</strong></span> <span class='ocrx_word' id='word_1_302' title='bbox 1239 4272 1401 4356; x_wconf 81' lang='lat' dir='ltr'><strong>gymnasio</strong></span> 
     </span>
     <span class='ocr_line' id='line_1_36' title="bbox 174 4384 1404 4473; baseline -0.007 -16"><span class='ocrx_word' id='word_1_303' title='bbox 174 4407 371 4473; x_wconf 88' lang='lat' dir='ltr'><strong>perannum</strong></span> <span class='ocrx_word' id='word_1_304' title='bbox 393 4391 582 4469; x_wconf 86' lang='lat' dir='ltr'><strong>uersaretur,</strong></span> <span class='ocrx_word' id='word_1_305' title='bbox 606 4406 676 4454; x_wconf 90' lang='lat' dir='ltr'><strong>curn</strong></span> <span class='ocrx_word' id='word_1_306' title='bbox 698 4387 855 4470; x_wconf 84' lang='lat' dir='ltr'><strong>peregrini</strong></span> <span class='ocrx_word' id='word_1_307' title='bbox 877 4386 966 4451; x_wconf 91' lang='lat' dir='ltr'><strong>multi</strong></span> <span class='ocrx_word' id='word_1_308' title='bbox 989 4385 1127 4469; x_wconf 88' lang='lat' dir='ltr'><strong>undique</strong></span> <span class='ocrx_word' id='word_1_309' title='bbox 1154 4405 1192 4452; x_wconf 83' lang='lat' dir='ltr'><strong>ex</strong></span> <span class='ocrx_word' id='word_1_310' title='bbox 1221 4384 1404 4451; x_wconf 86' lang='lat' dir='ltr'><strong>Macedonia</strong></span> 
     </span>
     <span class='ocr_line' id='line_1_37' title="bbox 175 4497 1403 4583; baseline -0.008 -13"><span class='ocrx_word' id='word_1_311' title='bbox 175 4501 311 4570; x_wconf 86' lang='lat' dir='ltr'><strong>Graecia</strong></span> <span class='ocrx_word' id='word_1_312' title='bbox 333 4501 428 4566; x_wconf 87' lang='lat' dir='ltr'><strong>Italia</strong></span> <span class='ocrx_word' id='word_1_313' title='bbox 450 4500 590 4566; x_wconf 85' lang='lat' dir='ltr'><strong>Athenas</strong></span> <span class='ocrx_word' id='word_1_314' title='bbox 611 4499 643 4565; x_wconf 93' lang='lat' dir='ltr'><strong>in</strong></span> <span class='ocrx_word' id='word_1_315' title='bbox 666 4499 862 4583; x_wconf 83' lang='lat' dir='ltr'><strong>gymnasium</strong></span> <span class='ocrx_word' id='word_1_316' title='bbox 886 4497 1122 4577; x_wconf 84' lang='lat' dir='ltr'><strong>concurrebant,</strong></span> <span class='ocrx_word' id='word_1_317' title='bbox 1144 4497 1176 4562; x_wconf 92' lang='lat' dir='ltr'><strong>hi</strong></span> <span class='ocrx_word' id='word_1_318' title='bbox 1199 4513 1274 4562; x_wconf 91' lang='lat' dir='ltr'><strong>sane</strong></span> <span class='ocrx_word' id='word_1_319' title='bbox 1289 4515 1326 4562; x_wconf 93' lang='lat' dir='ltr'><strong>eo</strong></span> <span class='ocrx_word' id='word_1_320' title='bbox 1341 4513 1403 4561; x_wconf 89' lang='lat' dir='ltr'><strong>nnn</strong></span> 
     </span>
     <span class='ocr_line' id='line_1_38' title="bbox 174 4590 1403 4696; baseline -0.007 -15"><span class='ocrx_word' id='word_1_321' title='bbox 174 4613 456 4696; x_wconf 86' lang='lat' dir='ltr'><strong>proficiscebantur</strong></span> <span class='ocrx_word' id='word_1_322' title='bbox 484 4616 521 4678; x_wconf 86' lang='lat' dir='ltr'><strong>ut</strong></span> <span class='ocrx_word' id='word_1_323' title='bbox 550 4612 583 4677; x_wconf 93' lang='lat' dir='ltr'><strong>in</strong></span> <span class='ocrx_word' id='word_1_324' title='bbox 604 4611 775 4693; x_wconf 81' lang='lat' dir='ltr'><strong>Diogeneio</strong></span> <span class='ocrx_word' id='word_1_325' title='bbox 797 4590 987 4677; x_wconf 87' lang='lat' dir='ltr'><strong>militaribus</strong></span> <span class='ocrx_word' id='word_1_326' title='bbox 1016 4607 1291 4674; x_wconf 84' lang='lat' dir='ltr'><strong>exercitationibus</strong></span> <span class='ocrx_word' id='word_1_327' title='bbox 1318 4606 1403 4673; x_wconf 92' lang='lat' dir='ltr'><strong>labo·</strong></span> 
     </span>
    </p>
   </div>
   <div class='ocr_carea' id='block_1_3' title="bbox 0 0 1768 5304">
    <p class='ocr_par' dir='ltr' id='par_1_3' title="bbox 0 0 1768 5304">
     <span class='ocr_line' id='line_1_39' title="bbox 0 0 1768 5304; baseline 0 0"><span class='ocrx_word' id='word_1_328' title='bbox 0 0 1768 5304; x_wconf 95' lang='lat' dir='ltr'><strong> </strong></span> 
     </span>
    </p>
   </div>
  </div>
 </body>
</html>
