3510 5304
693 425 908 488 ..37-

182 610 246 677 etsi
266 609 349 677 inter
369 612 491 677 5515555
512 606 651 692 ephebos
673 608 819 694 deinceps
838 608 1010 678 recensitos
1032 610 1248 692 consedeant,
1265 610 1410 693 exephe-

181 723 296 788 borum
318 722 382 787 sint
402 739 541 788 numero.
586 721 729 803 Denique
751 722 799 789 tit.
824 720 887 785 Φιλ.
910 721 967 802 IV,
990 726 1061 801 344,
1084 726 1114 786 4.
1138 719 1172 789 O.
1195 722 1218 792 Ι.
1242 726 1315 802 272,
1338 726 1410 789 270.

185 831 250 898 Φιλ.
274 832 328 913 IV,
352 836 423 913 265,
448 838 475 897 1.
498 832 553 913 IV,
578 836 649 912 164,
673 838 701 899 1.
721 827 786 918 Ἕφ.
810 832 879 922 ἀμφ.
904 836 987 898 3239
1017 831 1109 897 nimis
1138 835 1213 898 sunt
1233 831 1351 914 mutili,
1373 831 1412 896 ti-

183 945 244 1010 1511
265 948 370 1010 autem
400 943 434 1011 Ο.
458 945 485 1010 Ι.
508 949 580 1025 254,
609 948 671 1010 255
702 950 759 1024 (=
784 944 842 1030 Εφ.
867 944 937 1033 ἀρφ.
962 941 1059 1028 1384)
1089 961 1201 1026 parum
1235 943 1412 1024 argumenti

182 1057 337 1137 praebent
357 1073 452 1140 quam
474 1060 511 1121 ut
531 1056 571 1121 de
593 1055 840 1138 gymnasiarchis
870 1056 924 1136 qui
953 1055 998 1122 ibi
1026 1062 1298 1121 commemorantur
1325 1059 1411 1121 certa

182 1166 218 1231 id
240 1166 341 1252 possit
362 1166 571 1233 demonstrari
593 1166 679 1249 quod
699 1163 853 1233 volumus.
887 1166 1083 1248 Quamquam
1105 1166 1150 1230 515
1166 1165 1310 1232 omnibus
1331 1182 1414 1247 quae

183 1294 282 1360 supra
303 1275 470 1343 attulimus
491 1277 648 1360 reputatis
669 1277 732 1342 iam
754 1295 794 1342 ne
816 1276 944 1341 minima
965 1275 1093 1357 quidem
1123 1274 1279 1344 dubitatio
1307 1280 1414 1360 551551

182 1392 306 1454 restare
351 1388 530 1474 quicunque
576 1389 608 1454 in
654 1384 814 1471 5515551515
859 1387 961 1452 titulis
1007 1386 1214 1455 exhibeantur
1259 1389 1415 1472 gymnasi-

182 1498 272 1565 archi
292 1500 351 1565 hos
379 1505 508 1567 cunctos
537 1499 720 1566 iudicandos
750 1517 819 1565 5555
849 1498 1002 1581 55155555,
1032 1500 1256 1581 imperatorum
1285 1500 1412 1581 quidem

181 1613 298 1676 aetate.
344 1611 413 1690 Qua
447 1630 485 1676 ex
516 1615 622 1678 aetate
656 1627 764 1676 omnes
796 1610 859 1675 1555
892 1613 1071 1691 spectantes
1102 1610 1267 1692 551551555
1302 1611 1413 1678 1115155

182 1739 281 1803 55555
303 1722 560 1802 examinavimus,
583 1726 617 1787 at
638 1741 678 1788 ns
706 1740 804 1787 unum
831 1720 957 1804 quidem
991 1721 1254 1804 deprehendimus
1285 1723 1318 1787 in
1351 1739 1414 1803 qno

180 1834 438 1917 gymnasiarchos
461 1850 531 1900 esse
561 1851 623 1898 555
655 1831 793 1913 ephebos
823 1832 890 1897 veri
923 1830 1024 1898 simile
1059 1832 1148 1898 reddi
1180 1834 1296 1900 nedum
1329 1838 1415 1901 55515

180 1945 282 2010 515151
298 1945 424 2027 555511.
470 1944 580 2028 Neque
610 1948 768 2028 repugnat
796 1943 887 2010 Tales
917 1963 966 2027 ap.
990 1943 1160 2012 Stobaeum
1187 1943 1255 2015 1155.
1278 1951 1329 2027 98,
1359 1950 1414 2011 ί2;

187 2052 333 2142 »ἔφηβος
365 2055 501 2139 γέγονεν·
542 2054 670 2140 ἔμπαλιν
704 2051 756 2122 τόν
789 2057 944 2144 κοσμητὴν
978 2056 1123 2142 φοβεῖται
1140 2103 1331 2126 ..........
1364 2053 1415 2122 τὸν

183 2166 425 2256 γυμνασίαρχον.
449 2168 509 2232 barb
533 2169 657 2231 πάντων
680 2167 797 2232 τούτων
816 2171 1029 2253 μαστιγοῦται,
1053 2171 1286 2257 παματημεῖται,
1304 2193 1415 2261 spam-

182 2275 328 2354 λίζετοι,ι
366 2278 394 2344 51
426 2280 554 2360 quidem
584 2297 623 2344 ea
655 2279 753 2345 verba
784 2297 847 2346 555
886 2278 992 2362 551155
1006 2314 1013 2321 ·
1026 2280 1067 2346 ad
1100 2281 1257 2348 vetustius
1288 2286 1413 2364 tempus

182 2393 339 2470 spectant.
388 2390 463 2457 Veri
485 2389 567 2455 enim
590 2393 640 2456 est
661 2388 761 2456 simile
782 2409 837 2457 555
864 2410 902 2457 ex
929 2390 1057 2474 ephebis
1087 2391 1142 2473 qui
1171 2391 1237 2458 suis
1266 2393 1415 2473 impensis

183 2500 453 2583 gymnasiarchiae
476 2499 612 2568 officinm
634 2505 833 2583 praestarent
854 2501 948 2567 simui
970 2501 1040 2568 iura
1062 2501 1218 2582 quaedam
1233 2503 1414 2586 disciplinae

154 2604 218 2678 'in
251 2616 372 2678 ceteros
403 2612 541 2696 ephebos
571 2611 782 2678 5555551555.1
826 2611 870 2678 Et
899 2631 937 2678 55
969 2612 1094 2679 videtur
1127 2630 1197 2680 esse
1231 2632 1326 2681 55555
1359 2634 1415 2682 555

181 2723 413 2806 gymnasiarchi
435 2741 560 2804 semper
582 2723 646 2789 sint
667 2722 876 2790 Athenienses
899 2723 1026 2807 ephebi,
1049 2742 1221 2807 numquam
1248 2725 1415 2807 peregrini.

180 2835 304 2902 Horum
332 2837 438 2900 autem
469 2835 496 2900 si
533 2834 604 2918 quis
634 2839 779 2917 sumptus
808 2835 849 2900 ad
882 2835 985 2900 oleum
1012 2836 1188 2916 parandum
1221 2838 1414 2920 praestabat,

180 2964 241 3029 pro
263 2963 339 3012 voce
360 2949 600 3034 γομνασιοιφχείν
630 2945 772 3012 adhibita
800 2946 925 3012 videtur
954 2964 1023 3012 esse
1050 2946 1236 3030 significatio
1266 2948 1412 3035 ἀλείφειν.

181 3056 311 3124 Etenim
343 3057 376 3122 in
406 3060 454 3122 tit.
487 3055 552 3122 Φιλ.
582 3056 644 3137 IV,
675 3060 747 3137 458,
779 3062 793 3121 1
830 3056 1006 3122 invenimus
1038 3055 1187 3146 Φιλοκλῆς
1217 3058 1412 3129 Λευκονοεὺς

180 3167 462 3257 γομνασιαμχὴσας
478 3163 792 3255 Ἕλαφηβολιοῒνα-
815 3166 959 3255 Εὐμένης
980 3166 1147 3256 Φαληρεὺς
1167 3168 1413 3261 ἐγυμνασιάμχη·

181 3301 238 3342 σεν
261 3274 384 3366 ἡμέρας
406 3277 586 3355 δεκαπέντε,
615 3285 682 3344 tum
707 3282 857 3345 secuntur
878 3297 990 3345 novem
1017 3280 1253 3362 peregrinorum
1282 3282 1413 3365 ephebo·

179 3408 253 3456 rum
281 3390 418 3469 nomina,
442 3407 576 3471 qnorum
601 3389 732 3472 singulis
755 3390 949 3473 adscriptum
980 3395 1029 3456 551
1056 3389 1226 3476 ἤλειφεν
1259 3389 1414 3481 ἡμέρας

180 3499 307 3564 πέντε.
351 3499 491 3566 Verbum
522 3497 659 3585 ἀλείφειν
685 3500 730 3566 151
757 3519 820 3566 555
850 3506 955 3584 551551
985 3501 1177 3584 significare,
1212 3520 1325 3586 555555
1353 3504 1413 3570 5151

178 3611 249 3678 5155
272 3629 422 3693 unguere,
446 3611 520 3692 quia
544 3610 635 3676 aliter
658 3611 795 3676 medium
818 3612 949 3678 verbum
972 3611 1181 3684 desideratur.
1219 3614 1263 3681 Et
1284 3632 1358 3680 vero
1380 3615 1412 3679 in
1539 3699 1542 3703 ⁸

178 3721 282 3787 titulis
314 3721 427 3805 ephebi
458 3722 593 3789 audiunt
621 3740 745 3805 semper
772 3723 800 3786 οί
822 3718 1034 3808 ἀλειφόμενοι,
1067 3743 1129 3791 555
1162 3725 1190 3787 oi
1222 3723 1413 3810 ἀλείφοντες.

177 3832 352 3898 Praeterea
376 3833 512 3899 55515155
534 3832 709 3900 offenderet
729 3852 791 3899 555
814 3833 1412 3922 5515555555555155ἡμέφαςπέντει,

178 3942 250 4026 (555
265 3944 403 4026 quinque
418 3948 504 4010 15155
516 3945 607 4021 dies).
632 3944 694 4011 Sed
709 3945 736 4009 si
752 3945 948 4027 reputaveris
961 3946 1044 4028 quod
1059 3946 1103 4012 ibi
1118 3946 1275 4012 antecedit
1292 3946 1309 4009 5
1324 3945 1412 4009 detra

143 4134 146 4137 Ι
178 4051 469 4142 ἐγνμνασιάμχησεν
492 4051 617 4142 ἡμέρας
638 4054 823 4132 δεκαπέντε,
853 4056 932 4121 mihi
953 4036 1080 4141 quidem
1109 4076 1171 4123 non
1200 4061 1250 4122 est
1282 4058 1412 4124 dubium

176 4166 254 4250 quin
278 4167 407 4234 verbum
431 4166 570 4254 ἀλείφειν
586 4168 629 4236 151
644 4187 713 4234 eam
728 4168 791 4233 vim
806 4168 923 4235 habeat
937 4175 974 4235 ut
989 4168 1143 4252 significet
1164 4170 1200 4234 51
1210 4187 1296 4235 eum
1316 4186 1409 4250 pro-

175 4277 319 4344 videre
342 4278 405 4345 vei
425 4297 589 4362 parare,
613 4278 679 4345 suis
702 4279 822 4347 scilicet
843 4281 1029 4363 sumptibus.
1055 4282 1167 4362 Itaque
1189 4298 1248 4347 vox
1271 4279 1409 4367 ἀλείφειν

176 4451 381 4461 ——ffi

177 4544 256 4697 ἐφήβί
272 4544 347 4608 Quos
363 4546 470 4598 15515555
488 4545 607 4614 colligere
624 4544 684 4599 licet
701 4563 732 4598 ex
743 4547 773 4599 d.
792 4546 811 4598 1.
825 4547 884 4609 274,
902 4546 946 4598 ubi
964 4546 1067 4616 legitur:
1088 4545 1326 4617 ἑγομνοισιάφχησε
1344 4514 1409 4607 τοὺςΙ

252 4645 307 4688 οος.
