3510 5304
864 423 1078 486 ..10-

357 596 958 679 116111Ἱπποθωντίδος,Ἱπποδοιυντίδυς
974 604 1051 690 (dat.
1067 608 1093 688 Ι,
1110 611 1180 689 518,
1194 612 1222 673 6.
1234 609 1277 687 ΙΙ,
1293 613 1364 674 428.
1381 610 1434 689 Ν,
1453 614 1523 688 168,
1539 612 1582 692 2),

352 711 610 813 Ἱπποδειοντίδος
630 712 709 792 (det.
732 717 787 796 IV,
811 722 882 798 547,
906 718 948 801 2),
978 717 1112 801 deniqne
1137 713 1385 789 Ἱπποδεοντίδος
1413 719 1481 806 (Ν,
1508 725 1577 801 168,

360 831 388 892 3.
411 861 453 872 -
473 824 508 891 Ο.
533 826 557 889 Ι.
580 846 627 908 gr.
651 826 723 892 add.
745 847 775 892 n.
801 828 892 910 305b,
916 829 970 894 ubi
992 829 1108 910 legitur
1123 828 1250 911 quidem
1266 827 1530 910 Ἱπποθωντίδος,
1546 837 1580 898 at

356 937 390 1001 in
411 935 514 1018 lapide
537 942 587 1002 est
604 930 858 1018 Ἱπποθωντίδος,
890 938 927 1004 ci.
951 939 1114 1005 Archacol.
1138 941 1215 1004 Anz.
1240 945 1330 1020 1864,
1346 961 1415 1024 pag.
1434 944 1523 1023 165);
1538 978 1581 990 -
1682 982 1686 991 ι

357 1050 522 1128 praeterea
558 1046 676 1117 θίνίδος
707 1048 739 1112 in
773 1047 823 1133 ἐφ.
855 1048 925 1137 cipp.
954 1072 1023 1135 περ.
1053 1049 1090 1114 Β.
1113 1070 1163 1116 no.
1189 1056 1249 1115 107
1278 1058 1310 1116 ct
1342 1049 1406 1114 Φιλ.
1431 1053 1484 1130 IV,
1508 1057 1580 1118 265.

357 1159 499 1241 Denique
525 1155 688 1246 Ἀντιχίδος
718 1159 751 1223 in
773 1161 820 1224 tit.
846 1157 908 1224 det.
934 1161 959 1237 Ι,
991 1164 1062 1241 522,
1098 1167 1126 1241 7,
1160 1167 1193 1227 et
1213 1159 1437 1249 Πανδειονίδης
1466 1164 1498 1227 in
1532 1164 1580 1227 tit.

361 1267 424 1332 dci.
449 1270 492 1344 ΙΙ,
516 1274 579 1334 428
603 1270 692 1352 (484)
716 1276 802 1336 certo
824 1272 1019 1354 quadratarii
1040 1270 1150 1354 culpae
1172 1273 1335 1340 debentur.

450 1380 500 1445 Vs.
525 1383 555 1445 6.
599 1382 677 1447 Post
698 1399 813 1446 nomen
834 1378 1028 1467 Παράμονος
1048 1382 1209 1445 Διονυσίου
1232 1384 1390 1448 invenitur
1413 1383 1526 1465 sigium
1548 1365 1582 1462 Χ

357 1489 442 1572 quod
473 1491 541 1556 sinc
574 1492 669 1558 dubio
701 1492 889 1558 demoticum
926 1511 1040 1558 nomen
1073 1490 1244 1573 significan
1283 1493 1440 1575 quoduam
1476 1498 1583 1560 autem

357 1600 477 1668 frustra
498 1620 643 1684 quaeras.
677 1603 825 1682 Quamvis
848 1603 1009 1683 complura
1031 1621 1112 1668 nova
1145 1602 1301 1670 demotica
1323 1623 1361 1669 ex
1394 1622 1502 1670 recens
1533 1623 1583 1669 re·

357 1712 457 1794 pertis
478 1712 580 1777 titulis
602 1713 805 1791 innotuerint,
839 1718 945 1779 tamen
979 1713 1019 1778 de
1047 1714 1130 1778 demi
1153 1714 1278 1780 nominc
1310 1713 1343 1778 in
1372 1713 1582 1780 Erechtheide

358 1822 454 1903 tribu,
488 1822 572 1905 quod
606 1823 754 1888 alittera
773 1823 804 1888 X
825 1822 963 1904 incipiat,
997 1823 1101 1889 adhuc
1133 1841 1195 1889 non
1228 1829 1360 1889 constat
1404 1823 1581 1891 Boeckhius

357 1932 483 2015 quidem
505 1933 598 1998 adh.
622 1934 671 1997 tit.
694 1933 859 2015 proposuit
881 1918 1037 2015 Χιτώνιοτ,
1054 1932 1275 1999 Groteiendius
1292 1934 1344 2015 (de
1359 1935 1457 2001 demis
1479 1954 1509 2017 p.
1526 1938 1581 2010 37)

357 2049 464 2109 autem
487 2044 647 2114 Χοστιεύς.
693 2045 833 2123 Quorum
854 2044 906 2110 ille
929 2046 1042 2110 nititur
1064 2045 1181 2111 scholio
1209 2045 1249 2110 ad
1273 2043 1451 2110 callimach.
1474 2045 1580 2127 hymn.

357 2156 390 2220 in
411 2157 531 2221 Artem.
554 2160 616 2220 225
639 2160 672 2222 et
693 2156 825 2221 Meursii
847 2156 1065 2222 emendatione
1088 2156 1128 2220 ad
1151 2154 1344 2235 Stephanum
1367 2173 1391 2220 s.
1404 2174 1432 2218 v.
1449 2156 1580 2241 Xcrctvp.

224 2248 230 2263 ’
358 2266 402 2331 At
424 2266 599 2332 Broensted
622 2272 706 2348 (νο).
730 2270 763 2331 et
783 2267 942 2332 recherch.
967 2266 1000 2331 ΙΙ
1022 2286 1052 2348 p.
1077 2266 1151 2348 261)
1175 2265 1300 2330 demum
1327 2266 1466 2352 Xerdapo
1488 2267 1581 2348 plane

356 2395 420 2442 non
441 2393 535 2456 posse
557 2377 655 2441 statui
678 2380 793 2442 censet.
829 2375 909 2441 Gum
930 2395 1004 2442 vero
1027 2376 1137 2442 demus
1154 2377 1272 2440 Χοστιᾶ
1291 2376 1374 2458 apud
1388 2375 1582 2458 Hesychium

357 2505 381 2553 s.
403 2487 434 2552 h.
455 2506 485 2552 v.
509 2490 709 2567 memoretur,
732 2486 875 2566 quamvis
897 2486 984 2552 tribu
1004 2505 1068 2552 non
1090 2487 1207 2566 addita,
1230 2486 1422 2568 probabilius
1438 2486 1583 2552 videatur

357 2615 427 2664 cum
450 2596 654 2663 Groteiendio
682 2598 735 2662 htc
768 2598 908 2679 cogitare
941 2598 980 2663 de
1003 2598 1157 2664 demotico
1181 2596 1341 2667 Χοστιεύς.
1387 2598 1581 2677 Quamquam

356 2727 408 2775 res
430 2707 598 2774 admodum
621 2708 750 2773 incerta.
773 2744 816 2753 -

449 2819 500 2884 Vs.
525 2821 573 2883 12.
618 2816 832 2905 Ἀθηνόδωρος
855 2810 1057 2904 Ἑρμέρωτος
1077 2816 1270 2906 Γαργήττιος
1290 2818 1374 2882 redit
1395 2819 1427 2882 in
1449 2819 1497 2883 tit.
1518 2815 1581 2883 dat.

356 2931 411 3011 Ν,
437 2935 506 3011 168,
530 2933 549 2994 2
571 2933 608 2996 ut
631 2929 911 3015 ὑποσιοφρονιστὴς
935 2934 1030 3006 (anno
1055 2933 1115 2993 175
1139 2928 1180 3013 (P)
1205 2928 1243 2995 cf.
1266 2947 1337 3011 pag.
1361 2931 1424 3010 26).

448 3050 500 3113 Va.
525 3052 576 3116 14,
605 3049 821 3132 compendium
846 3035 947 3111 ΠΑ“
961 3055 1011 3116 est
1031 3047 1205 3118 Παιανιεύς,

449 3159 502 3227 Vs.
528 3163 579 3225 16.
623 3160 802 3226 Boeckhius
825 3159 951 3241 supplet
974 3158 1137 3242 δειδ[ίοο],
1160 3164 1259 3235 recte3
1283 3179 1396 3226 nomen
1418 3162 1500 3226 enim
1519 3159 1584 3224 δει-

357 3270 427 3340 δίας
450 3268 575 3334 Φειδίου
607 3273 666 3338 sub
694 3271 848 3338 Leontidc
880 3271 966 3336 tribu
994 3269 1076 3336 redit
1106 3272 1138 3335 in
1166 3268 1371 3349 61.(1)ιλ.ΙΙ,
1402 3276 1464 3337 428
1495 3272 1583 3354 (484)

356 3401 385 3446 v.
410 3387 480 3447 136.
504 3381 569 3448 Col.
590 3383 615 3448 I.
638 3419 680 3429 -
724 3382 877 3448 Demotici
906 3381 1019 3464 sigium
1047 3380 1107 3446 suit
1141 3380 1267 3467 [’A]5or‘'
1295 3382 1315 3446 i.
1344 3401 1370 3446 e.
1405 3380 1584 3466 Ἀφιδναῖος.

357 3493 491 3560 Domum
518 3492 658 3581 'rtptdupr
680 3492 851 3575 aliquando
872 3493 905 3557 in
934 3492 1019 3557 tribu
1041 3492 1194 3558 Leontide
1223 3490 1321 3557 iuisse
1350 3511 1388 3556 ex
1420 3492 1578 3574 Stephano

358 3610 492 3670 constat.

448 3714 499 3783 Va.
525 3717 577 3782 18.
622 3713 671 3781 Ex
693 3715 775 3782 demi
797 3714 922 3811 nomine
944 3720 1088 3796 superest
1101 3760 1191 3780 .....
1215 3713 1334 3788 θόνιος;
1357 3714 1455 3796 quale
1490 3712 1585 3777 tuerit

357 3829 532 3915 ignoratur.

449 3938 500 4004 Vc.
523 3940 576 4003 29.
622 3936 702 4003 Cum
725 3936 925 4002 Cumanudes
953 3937 1029 4001 nihd
1058 3937 1275 4019 descripserit,
1308 3936 1388 4015 lapis
1421 3935 1481 3999 hoc
1513 3935 1582 4000 loco

359 4050 579 4115 videturesse
602 4049 745 4114 detritus.
783 4046 878 4113 Certo
899 4052 1005 4113 autem
1026 4047 1256 4114 restituendum
1284 4044 1515 4129 Ἀκαμαντίδος,
1528 4061 1586 4108 se·

366 4164 506 4238 quuntur
529 4159 610 4225 enim
630 4160 723 4224 huius
745 4159 847 4225 tribus
870 4159 1034 4226 demotica.
1058 4195 1099 4206 -

450 4269 501 4336 Vc.
525 4272 575 4335 31.
598 4271 795 4337 Demoticum
817 4269 879 4336 fuit
898 4270 1035 4337 fortasse
1056 4269 1215 4353 Ἰτε]ο[ῖοτ.
1238 4304 1280 4317 ·-

451 4381 502 4447 Va.
526 4382 577 4446 32.
613 4381 704 4452 Δεῖος
725 4380 924 4467 Σωκράτους
944 4379 1133 4465 Σ[φήττιο]ς
1155 4379 1239 4444 redit
1257 4379 1289 4442 in
1305 4378 1353 4442 tit.
1370 4375 1404 4441 C.
1421 4376 1446 4441 I.
1462 4394 1509 4457 gr.
1527 4378 1584 4439 191

359 4494 400 4576 (a.
426 4497 486 4559 168
509 4494 635 4577 scripto,
665 4493 704 4561 of.
726 4513 798 4577 pag.
823 4499 872 4559 18.
896 4497 951 4571 24)
984 4493 1068 4558 inter
1092 4495 1258 4573 prytanea:
1293 4491 1343 4553 est
1373 4503 1448 4569 orgo
1479 4484 1524 4551 ibi
1545 4488 1587 4550 49

361 4623 460 4673 annos
480 4608 585 4672 natus,
606 4640 651 4654 -
