<?xml version="1.0" encoding="UTF-8"?>
<!DOCTYPE html PUBLIC "-//W3C//DTD XHTML 1.0 Transitional//EN"
    "http://www.w3.org/TR/xhtml1/DTD/xhtml1-transitional.dtd">
<html xmlns="http://www.w3.org/1999/xhtml" xml:lang="en" lang="en">
 <head>
  <title>
</title>
<meta http-equiv="Content-Type" content="text/html;charset=utf-8" />
  <meta name='ocr-system' content='tesseract 3.04.00' />
  <meta name='ocr-capabilities' content='ocr_page ocr_carea ocr_par ocr_line ocrx_word'/>
</head>
<body>
  <div class='ocr_page' id='page_1' title='image "./commentationese01neubgoog_0013.png"; bbox 0 0 3510 5304; ppageno 0'>
   <div class='ocr_carea' id='block_1_1' title="bbox 902 409 1091 469">
    <p class='ocr_par' dir='ltr' id='par_1_1' title="bbox 902 409 1091 469">
     <span class='ocr_line' id='line_1_1' title="bbox 902 409 1091 469; baseline 0.005 -17"><span class='ocrx_word' id='word_1_1' title='bbox 902 409 1091 469; x_wconf 79' lang='lat'>..2-</span> 
     </span>
    </p>
   </div>
   <div class='ocr_carea' id='block_1_2' title="bbox 374 589 1615 1890">
    <p class='ocr_par' dir='ltr' id='par_1_2' title="bbox 374 589 1615 1890">
     <span class='ocr_line' id='line_1_2' title="bbox 389 589 1613 676; baseline 0.001 -20"><span class='ocrx_word' id='word_1_2' title='bbox 389 593 571 676; x_wconf 91' lang='lat' dir='ltr'>obloquitur</span> <span class='ocrx_word' id='word_1_3' title='bbox 593 592 743 659; x_wconf 85' lang='lat' dir='ltr'>Corsinus</span> <span class='ocrx_word' id='word_1_4' title='bbox 766 591 865 675; x_wconf 85' lang='lat' dir='ltr'>(Fast.</span> <span class='ocrx_word' id='word_1_5' title='bbox 889 593 953 657; x_wconf 78' lang='lat' dir='ltr'>nst.</span> <span class='ocrx_word' id='word_1_6' title='bbox 978 592 1031 671; x_wconf 90' lang='lat' dir='ltr'>IV,</span> <span class='ocrx_word' id='word_1_7' title='bbox 1054 610 1125 675; x_wconf 88' lang='lat' dir='ltr'>pag.</span> <span class='ocrx_word' id='word_1_8' title='bbox 1152 597 1236 669; x_wconf 80' lang='lat'>174).</span> <span class='ocrx_word' id='word_1_9' title='bbox 1281 592 1381 657; x_wconf 90' lang='lat' dir='ltr'>Immo</span> <span class='ocrx_word' id='word_1_10' title='bbox 1404 609 1442 658; x_wconf 87' lang='lat' dir='ltr'>ex</span> <span class='ocrx_word' id='word_1_11' title='bbox 1457 589 1613 657; x_wconf 86' lang='lat' dir='ltr'>Montfau-</span> 
     </span>
     <span class='ocr_line' id='line_1_3' title="bbox 390 701 1612 786; baseline -0.002 -16"><span class='ocrx_word' id='word_1_12' title='bbox 390 705 470 770; x_wconf 88' lang='lat' dir='ltr'>conii</span> <span class='ocrx_word' id='word_1_13' title='bbox 493 704 701 786; x_wconf 81' lang='lat' dir='ltr'>descriptione</span> <span class='ocrx_word' id='word_1_14' title='bbox 723 704 889 769; x_wconf 86' lang='lat' dir='ltr'>marmoris</span> <span class='ocrx_word' id='word_1_15' title='bbox 912 704 1035 768; x_wconf 88' lang='lat' dir='ltr'>demum</span> <span class='ocrx_word' id='word_1_16' title='bbox 1059 703 1261 785; x_wconf 88' lang='lat' dir='ltr'>intellegitur,</span> <span class='ocrx_word' id='word_1_17' title='bbox 1291 707 1347 783; x_wconf 87' lang='lat' dir='ltr'>qut</span> <span class='ocrx_word' id='word_1_18' title='bbox 1374 701 1443 768; x_wconf 88' lang='lat' dir='ltr'>fieri</span> <span class='ocrx_word' id='word_1_19' title='bbox 1465 703 1612 785; x_wconf 88' lang='lat' dir='ltr'>potuerit,</span> 
     </span>
     <span class='ocr_line' id='line_1_4' title="bbox 389 812 1613 896; baseline -0.002 -16"><span class='ocrx_word' id='word_1_20' title='bbox 389 820 426 880; x_wconf 91' lang='lat' dir='ltr'>ut</span> <span class='ocrx_word' id='word_1_21' title='bbox 449 815 502 880; x_wconf 88' lang='lat' dir='ltr'>alii</span> <span class='ocrx_word' id='word_1_22' title='bbox 525 815 617 880; x_wconf 89' lang='lat' dir='ltr'>aliter</span> <span class='ocrx_word' id='word_1_23' title='bbox 646 815 679 878; x_wconf 93' lang='lat' dir='ltr'>in</span> <span class='ocrx_word' id='word_1_24' title='bbox 712 814 804 878; x_wconf 90' lang='lat' dir='ltr'>editis</span> <span class='ocrx_word' id='word_1_25' title='bbox 838 812 1004 895; x_wconf 90' lang='lat' dir='ltr'>fragmenti</span> <span class='ocrx_word' id='word_1_26' title='bbox 1027 813 1043 876; x_wconf 96' lang='lat' dir='ltr'>I</span> <span class='ocrx_word' id='word_1_27' title='bbox 1065 814 1215 896; x_wconf 81' lang='lat' dir='ltr'>exemplis</span> <span class='ocrx_word' id='word_1_28' title='bbox 1237 820 1302 881; x_wconf 91' lang='lat' dir='ltr'>tres</span> <span class='ocrx_word' id='word_1_29' title='bbox 1334 814 1418 880; x_wconf 91' lang='lat' dir='ltr'>tituli</span> <span class='ocrx_word' id='word_1_30' title='bbox 1453 814 1613 880; x_wconf 88' lang='lat' dir='ltr'>columnas</span> 
     </span>
     <span class='ocr_line' id='line_1_5' title="bbox 374 923 1612 1009; baseline -0.002 -18"><span class='ocrx_word' id='word_1_31' title='bbox 374 927 472 1009; x_wconf 33' lang='lat' dir='ltr'>‚inter</span> <span class='ocrx_word' id='word_1_32' title='bbox 505 946 539 991; x_wconf 92' lang='lat' dir='ltr'>se</span> <span class='ocrx_word' id='word_1_33' title='bbox 573 925 801 990; x_wconf 81' lang='lat' dir='ltr'>collocaverint.</span> <span class='ocrx_word' id='word_1_34' title='bbox 858 925 901 989; x_wconf 86' lang='lat' dir='ltr'>Et</span> <span class='ocrx_word' id='word_1_35' title='bbox 933 943 1008 989; x_wconf 89' lang='lat' dir='ltr'>vero</span> <span class='ocrx_word' id='word_1_36' title='bbox 1031 923 1230 991; x_wconf 85' lang='lat' dir='ltr'>Cumanudes</span> <span class='ocrx_word' id='word_1_37' title='bbox 1263 926 1303 990; x_wconf 88' lang='lat' dir='ltr'>ad</span> <span class='ocrx_word' id='word_1_38' title='bbox 1337 927 1385 991; x_wconf 91' lang='lat' dir='ltr'>tit.</span> <span class='ocrx_word' id='word_1_39' title='bbox 1417 923 1480 990; x_wconf 77' lang='lat' dir='ltr'>dcl.</span> <span class='ocrx_word' id='word_1_40' title='bbox 1502 925 1527 1004; x_wconf 91' lang='grc' dir='ltr'>Ι,</span> <span class='ocrx_word' id='word_1_41' title='bbox 1550 930 1612 990; x_wconf 81' lang='lat'>479</span> 
     </span>
     <span class='ocr_line' id='line_1_6' title="bbox 390 1031 1613 1123; baseline -0.001 -22"><span class='ocrx_word' id='word_1_42' title='bbox 390 1041 546 1101; x_wconf 69' lang='lat' dir='ltr'>annotat:</span> <span class='ocrx_word' id='word_1_43' title='bbox 572 1035 640 1098; x_wconf 76' lang='grc' dir='ltr'>»ἐπὶ</span> <span class='ocrx_word' id='word_1_44' title='bbox 663 1039 757 1120; x_wconf 80' lang='grc' dir='ltr'><em>τριῶν</em></span> <span class='ocrx_word' id='word_1_45' title='bbox 780 1033 932 1122; x_wconf 58' lang='lat' dir='ltr'>receptior</span> <span class='ocrx_word' id='word_1_46' title='bbox 954 1031 1042 1097; x_wconf 78' lang='lat' dir='ltr'>ltdoo</span> <span class='ocrx_word' id='word_1_47' title='bbox 1065 1033 1282 1123; x_wconf 73' lang='grc' dir='ltr'><em>Πεντηλεσίοο,</em></span> <span class='ocrx_word' id='word_1_48' title='bbox 1305 1037 1387 1122; x_wconf 77' lang='grc' dir='ltr'><em>ἅπερ</em></span> <span class='ocrx_word' id='word_1_49' title='bbox 1418 1035 1613 1121; x_wconf 75' lang='grc' dir='ltr'><em>σοναρμοζό·</em></span> 
     </span>
     <span class='ocr_line' id='line_1_7' title="bbox 387 1143 1611 1233; baseline -0.002 -24"><span class='ocrx_word' id='word_1_50' title='bbox 387 1170 469 1232; x_wconf 80' lang='grc' dir='ltr'><em>μενοι</em></span> <span class='ocrx_word' id='word_1_51' title='bbox 492 1147 676 1210; x_wconf 79' lang='grc' dir='ltr'><em>ἀποτελοῦσι</em></span> <span class='ocrx_word' id='word_1_52' title='bbox 699 1143 856 1228; x_wconf 76' lang='grc' dir='ltr'><em>(κολοβὸν)</em></span> <span class='ocrx_word' id='word_1_53' title='bbox 880 1150 973 1230; x_wconf 79' lang='grc' dir='ltr'><em>σῶμα</em></span> <span class='ocrx_word' id='word_1_54' title='bbox 989 1146 1167 1231; x_wconf 64' lang='grc' dir='ltr'><em>τριγωνικὸν</em></span> <span class='ocrx_word' id='word_1_55' title='bbox 1179 1169 1221 1231; x_wconf 79' lang='grc' dir='ltr'>με</span> <span class='ocrx_word' id='word_1_56' title='bbox 1237 1148 1374 1233; x_wconf 75' lang='grc' dir='ltr'><em>πλευρὰς</em></span> <span class='ocrx_word' id='word_1_57' title='bbox 1389 1146 1611 1229; x_wconf 60' lang='lat' dir='ltr'>decreticum</span> 
     </span>
     <span class='ocr_line' id='line_1_8' title="bbox 390 1255 1613 1346; baseline -0.002 -26"><span class='ocrx_word' id='word_1_58' title='bbox 390 1257 536 1337; x_wconf 81' lang='lat' dir='ltr'>idemque</span> <span class='ocrx_word' id='word_1_59' title='bbox 555 1258 593 1320; x_wconf 81' lang='lat' dir='ltr'>ad</span> <span class='ocrx_word' id='word_1_60' title='bbox 618 1256 661 1336; x_wconf 86' lang='lat' dir='ltr'>ll,</span> <span class='ocrx_word' id='word_1_61' title='bbox 687 1255 762 1321; x_wconf 84' lang='lat'>184:</span> <span class='ocrx_word' id='word_1_62' title='bbox 794 1257 1076 1343; x_wconf 73' lang='grc' dir='ltr'><em>οπορετηρήοαμεν</em></span> <span class='ocrx_word' id='word_1_63' title='bbox 1105 1257 1152 1319; x_wconf 76' lang='grc' dir='ltr'>ὅτι</span> <span class='ocrx_word' id='word_1_64' title='bbox 1182 1256 1258 1320; x_wconf 78' lang='grc' dir='ltr'><em>εἶναι</em></span> <span class='ocrx_word' id='word_1_65' title='bbox 1287 1258 1446 1346; x_wconf 76' lang='grc' dir='ltr'><em>σχήματος</em></span> <span class='ocrx_word' id='word_1_66' title='bbox 1478 1280 1613 1343; x_wconf 66' lang='lat' dir='ltr'>spermat-</span> 
     </span>
     <span class='ocr_line' id='line_1_9' title="bbox 390 1366 1615 1449; baseline 0.002 -21"><span class='ocrx_word' id='word_1_67' title='bbox 390 1370 463 1429; x_wconf 71' lang='lat' dir='ltr'>xobc</span> <span class='ocrx_word' id='word_1_68' title='bbox 489 1372 546 1432; x_wconf 86' lang='lat' dir='ltr'>cot.</span> <span class='ocrx_word' id='word_1_69' title='bbox 594 1367 676 1431; x_wconf 88' lang='lat' dir='ltr'>Sane</span> <span class='ocrx_word' id='word_1_70' title='bbox 699 1386 773 1449; x_wconf 87' lang='lat' dir='ltr'>ergo</span> <span class='ocrx_word' id='word_1_71' title='bbox 796 1366 1006 1447; x_wconf 86' lang='lat' dir='ltr'>intellegenda</span> <span class='ocrx_word' id='word_1_72' title='bbox 1028 1372 1076 1432; x_wconf 89' lang='lat' dir='ltr'>est</span> <span class='ocrx_word' id='word_1_73' title='bbox 1098 1367 1250 1433; x_wconf 89' lang='lat' dir='ltr'>turricula</span> <span class='ocrx_word' id='word_1_74' title='bbox 1271 1384 1371 1447; x_wconf 86' lang='lat' dir='ltr'>eaque</span> <span class='ocrx_word' id='word_1_75' title='bbox 1392 1368 1555 1449; x_wconf 88' lang='lat' dir='ltr'>trigona</span> <span class='ocrx_word' id='word_1_76' title='bbox 1576 1384 1615 1432; x_wconf 85' lang='lat' dir='ltr'>ac</span> 
     </span>
     <span class='ocr_line' id='line_1_10' title="bbox 389 1475 1615 1559; baseline -0.002 -16"><span class='ocrx_word' id='word_1_77' title='bbox 389 1497 452 1543; x_wconf 91' lang='lat' dir='ltr'>non</span> <span class='ocrx_word' id='word_1_78' title='bbox 473 1514 516 1524; x_wconf 91' lang='lat'>-</span> <span class='ocrx_word' id='word_1_79' title='bbox 538 1479 569 1541; x_wconf 92' lang='lat' dir='ltr'>in</span> <span class='ocrx_word' id='word_1_80' title='bbox 593 1495 654 1559; x_wconf 91' lang='lat' dir='ltr'>quo</span> <span class='ocrx_word' id='word_1_81' title='bbox 677 1475 827 1542; x_wconf 85' lang='lat' dir='ltr'>Corsinus</span> <span class='ocrx_word' id='word_1_82' title='bbox 850 1476 968 1541; x_wconf 85' lang='lat' dir='ltr'>erravit</span> <span class='ocrx_word' id='word_1_83' title='bbox 989 1513 1030 1523; x_wconf 92' lang='lat'><em>-</em></span> <span class='ocrx_word' id='word_1_84' title='bbox 1053 1477 1257 1556; x_wconf 87' lang='lat' dir='ltr'>quadrata.</span> <span class='ocrx_word' id='word_1_85' title='bbox 1301 1478 1339 1541; x_wconf 93' lang='lat' dir='ltr'>In</span> <span class='ocrx_word' id='word_1_86' title='bbox 1361 1477 1486 1559; x_wconf 86' lang='lat' dir='ltr'>trigona</span> <span class='ocrx_word' id='word_1_87' title='bbox 1508 1484 1615 1543; x_wconf 89' lang='lat' dir='ltr'>antem</span> 
     </span>
     <span class='ocr_line' id='line_1_11' title="bbox 390 1584 1615 1668; baseline 0.001 -16"><span class='ocrx_word' id='word_1_88' title='bbox 390 1588 552 1667; x_wconf 88' lang='lat' dir='ltr'>turricula,</span> <span class='ocrx_word' id='word_1_89' title='bbox 586 1588 680 1652; x_wconf 89' lang='lat' dir='ltr'>sicuti</span> <span class='ocrx_word' id='word_1_90' title='bbox 712 1588 743 1650; x_wconf 92' lang='lat' dir='ltr'>irr</span> <span class='ocrx_word' id='word_1_91' title='bbox 766 1587 910 1666; x_wconf 85' lang='lat' dir='ltr'>rotunda,</span> <span class='ocrx_word' id='word_1_92' title='bbox 938 1584 1009 1651; x_wconf 90' lang='lat' dir='ltr'>fieri</span> <span class='ocrx_word' id='word_1_93' title='bbox 1038 1605 1149 1668; x_wconf 88' lang='lat' dir='ltr'>posse,</span> <span class='ocrx_word' id='word_1_94' title='bbox 1168 1593 1204 1652; x_wconf 92' lang='lat' dir='ltr'>ut</span> <span class='ocrx_word' id='word_1_95' title='bbox 1232 1604 1378 1667; x_wconf 86' lang='lat' dir='ltr'>eaquae</span> <span class='ocrx_word' id='word_1_96' title='bbox 1406 1589 1517 1653; x_wconf 90' lang='lat' dir='ltr'>ultimo</span> <span class='ocrx_word' id='word_1_97' title='bbox 1547 1587 1615 1653; x_wconf 93' lang='lat' dir='ltr'>loco</span> 
     </span>
     <span class='ocr_line' id='line_1_12' title="bbox 389 1696 1614 1781; baseline -0.002 -19"><span class='ocrx_word' id='word_1_98' title='bbox 389 1703 464 1763; x_wconf 90' lang='lat' dir='ltr'>sunt</span> <span class='ocrx_word' id='word_1_99' title='bbox 486 1698 611 1779; x_wconf 89' lang='lat' dir='ltr'>scripta,</span> <span class='ocrx_word' id='word_1_100' title='bbox 634 1698 780 1779; x_wconf 84' lang='lat' dir='ltr'>legantur</span> <span class='ocrx_word' id='word_1_101' title='bbox 802 1703 952 1778; x_wconf 64' lang='lat' dir='ltr'>anquam</span> <span class='ocrx_word' id='word_1_102' title='bbox 968 1699 1031 1763; x_wconf 89' lang='lat' dir='ltr'>sint</span> <span class='ocrx_word' id='word_1_103' title='bbox 1045 1699 1154 1780; x_wconf 90' lang='lat' dir='ltr'>prima,</span> <span class='ocrx_word' id='word_1_104' title='bbox 1178 1699 1249 1781; x_wconf 90' lang='lat' dir='ltr'>quis</span> <span class='ocrx_word' id='word_1_105' title='bbox 1270 1704 1319 1765; x_wconf 91' lang='lat' dir='ltr'>est</span> <span class='ocrx_word' id='word_1_106' title='bbox 1334 1700 1410 1779; x_wconf 89' lang='lat' dir='ltr'>quin</span> <span class='ocrx_word' id='word_1_107' title='bbox 1425 1696 1614 1781; x_wconf 83' lang='lat' dir='ltr'>intellegat?</span> 
     </span>
     <span class='ocr_line' id='line_1_13' title="bbox 390 1808 1614 1890; baseline 0 -18"><span class='ocrx_word' id='word_1_108' title='bbox 390 1809 501 1889; x_wconf 89' lang='lat' dir='ltr'>Itaque</span> <span class='ocrx_word' id='word_1_109' title='bbox 525 1809 578 1890; x_wconf 90' lang='lat' dir='ltr'>qni</span> <span class='ocrx_word' id='word_1_110' title='bbox 600 1808 732 1890; x_wconf 87' lang='lat' dir='ltr'>primam</span> <span class='ocrx_word' id='word_1_111' title='bbox 755 1808 930 1873; x_wconf 89' lang='lat' dir='ltr'>columnam</span> <span class='ocrx_word' id='word_1_112' title='bbox 952 1826 1031 1888; x_wconf 90' lang='lat' dir='ltr'>eam,</span> <span class='ocrx_word' id='word_1_113' title='bbox 1053 1827 1134 1890; x_wconf 88' lang='lat' dir='ltr'>quae</span> <span class='ocrx_word' id='word_1_114' title='bbox 1156 1828 1177 1873; x_wconf 93' lang='lat' dir='ltr'>a</span> <span class='ocrx_word' id='word_1_115' title='bbox 1198 1810 1283 1873; x_wconf 90' lang='lat' dir='ltr'>tribu</span> <span class='ocrx_word' id='word_1_116' title='bbox 1303 1808 1483 1890; x_wconf 86' lang='lat' dir='ltr'>Cecropide,</span> <span class='ocrx_word' id='word_1_117' title='bbox 1506 1827 1614 1874; x_wconf 87' lang='lat' dir='ltr'>secun-</span> 
     </span>
    </p>
   </div>
   <div class='ocr_carea' id='block_1_3' title="bbox 387 1896 1737 2333">
    <p class='ocr_par' dir='ltr' id='par_1_3' title="bbox 387 1896 1737 2333">
     <span class='ocr_line' id='line_1_14' title="bbox 390 1896 1737 2002; baseline 0 -19"><span class='ocrx_word' id='word_1_118' title='bbox 390 1919 461 1983; x_wconf 86' lang='lat' dir='ltr'>dam</span> <span class='ocrx_word' id='word_1_119' title='bbox 485 1937 565 2002; x_wconf 89' lang='lat' dir='ltr'>quae</span> <span class='ocrx_word' id='word_1_120' title='bbox 587 1938 607 1983; x_wconf 87' lang='lat' dir='ltr'>a</span> <span class='ocrx_word' id='word_1_121' title='bbox 628 1935 704 1983; x_wconf 88' lang='lat' dir='ltr'>voce</span> <span class='ocrx_word' id='word_1_122' title='bbox 728 1917 867 1999; x_wconf 71' lang='lat' dir='ltr'>»denir«,</span> <span class='ocrx_word' id='word_1_123' title='bbox 891 1920 1025 1998; x_wconf 81' lang='lat' dir='ltr'>tertiam,</span> <span class='ocrx_word' id='word_1_124' title='bbox 1055 1938 1136 2000; x_wconf 88' lang='lat' dir='ltr'>quae</span> <span class='ocrx_word' id='word_1_125' title='bbox 1158 1938 1178 1984; x_wconf 93' lang='lat' dir='ltr'>a</span> <span class='ocrx_word' id='word_1_126' title='bbox 1199 1919 1286 1984; x_wconf 91' lang='lat' dir='ltr'>tribu</span> <span class='ocrx_word' id='word_1_127' title='bbox 1307 1919 1516 1984; x_wconf 87' lang='lat' dir='ltr'>Erechtheide</span> <span class='ocrx_word' id='word_1_128' title='bbox 1538 1919 1615 1983; x_wconf 91' lang='lat' dir='ltr'>inci·</span> <span class='ocrx_word' id='word_1_129' title='bbox 1736 1896 1737 1939; x_wconf 57' lang='lat'><em>³</em></span> 
     </span>
     <span class='ocr_line' id='line_1_15' title="bbox 387 2029 1737 2113; baseline 0.004 -20"><span class='ocrx_word' id='word_1_130' title='bbox 387 2031 443 2111; x_wconf 91' lang='lat' dir='ltr'>pit,</span> <span class='ocrx_word' id='word_1_131' title='bbox 467 2030 683 2109; x_wconf 83' lang='lat' dir='ltr'>exhibuerunt,</span> <span class='ocrx_word' id='word_1_132' title='bbox 706 2046 767 2093; x_wconf 91' lang='lat' dir='ltr'>non</span> <span class='ocrx_word' id='word_1_133' title='bbox 790 2030 1001 2110; x_wconf 79' lang='lat' dir='ltr'>coarguendi</span> <span class='ocrx_word' id='word_1_134' title='bbox 1024 2034 1107 2108; x_wconf 89' lang='lat' dir='ltr'>sunt,</span> <span class='ocrx_word' id='word_1_135' title='bbox 1131 2029 1205 2109; x_wconf 91' lang='lat' dir='ltr'>qnia</span> <span class='ocrx_word' id='word_1_136' title='bbox 1226 2029 1306 2094; x_wconf 89' lang='lat' dir='ltr'>falso</span> <span class='ocrx_word' id='word_1_137' title='bbox 1322 2029 1544 2113; x_wconf 86' lang='lat' dir='ltr'>descripserint</span> <span class='ocrx_word' id='word_1_138' title='bbox 1558 2029 1615 2094; x_wconf 91' lang='lat' dir='ltr'>sed</span> <span class='ocrx_word' id='word_1_139' title='bbox 1736 2088 1737 2099; x_wconf 70' lang='grc'>,</span> 
     </span>
     <span class='ocr_line' id='line_1_16' title="bbox 388 2138 1737 2227; baseline -0.001 -23"><span class='ocrx_word' id='word_1_140' title='bbox 388 2141 471 2222; x_wconf 90' lang='lat' dir='ltr'>quod</span> <span class='ocrx_word' id='word_1_141' title='bbox 494 2158 556 2204; x_wconf 89' lang='lat' dir='ltr'>non</span> <span class='ocrx_word' id='word_1_142' title='bbox 578 2160 598 2204; x_wconf 88' lang='lat' dir='ltr'>a</span> <span class='ocrx_word' id='word_1_143' title='bbox 619 2140 721 2221; x_wconf 87' lang='lat' dir='ltr'>prima</span> <span class='ocrx_word' id='word_1_144' title='bbox 743 2139 888 2204; x_wconf 88' lang='lat' dir='ltr'>columna</span> <span class='ocrx_word' id='word_1_145' title='bbox 902 2140 934 2204; x_wconf 88' lang='lat' dir='ltr'>in</span> <span class='ocrx_word' id='word_1_146' title='bbox 948 2139 1080 2220; x_wconf 90' lang='lat' dir='ltr'>legendo</span> <span class='ocrx_word' id='word_1_147' title='bbox 1096 2138 1188 2227; x_wconf 87' lang='lat' dir='ltr'>titulo</span> <span class='ocrx_word' id='word_1_148' title='bbox 1202 2140 1326 2205; x_wconf 90' lang='lat' dir='ltr'>initium</span> <span class='ocrx_word' id='word_1_149' title='bbox 1342 2140 1491 2221; x_wconf 88' lang='lat' dir='ltr'>ceperint.</span> <span class='ocrx_word' id='word_1_150' title='bbox 1515 2139 1615 2206; x_wconf 90' lang='lat' dir='ltr'>Unice</span> <span class='ocrx_word' id='word_1_151' title='bbox 1736 2182 1737 2189; x_wconf 63' lang='lat'>.</span> 
     </span>
     <span class='ocr_line' id='line_1_17' title="bbox 388 2250 1737 2333; baseline 0 -18"><span class='ocrx_word' id='word_1_152' title='bbox 388 2257 494 2315; x_wconf 89' lang='lat' dir='ltr'>autem</span> <span class='ocrx_word' id='word_1_153' title='bbox 514 2256 600 2317; x_wconf 86' lang='lat' dir='ltr'>recta</span> <span class='ocrx_word' id='word_1_154' title='bbox 623 2250 837 2316; x_wconf 90' lang='lat' dir='ltr'>columnarum</span> <span class='ocrx_word' id='word_1_155' title='bbox 861 2251 1029 2330; x_wconf 84' lang='lat' dir='ltr'>descriptio</span> <span class='ocrx_word' id='word_1_156' title='bbox 1058 2268 1129 2315; x_wconf 89' lang='lat' dir='ltr'>cnm</span> <span class='ocrx_word' id='word_1_157' title='bbox 1161 2270 1217 2333; x_wconf 89' lang='lat' dir='ltr'>per</span> <span class='ocrx_word' id='word_1_158' title='bbox 1251 2270 1286 2316; x_wconf 88' lang='lat' dir='ltr'>se</span> <span class='ocrx_word' id='word_1_159' title='bbox 1315 2252 1392 2316; x_wconf 87' lang='lat' dir='ltr'>satis</span> <span class='ocrx_word' id='word_1_160' title='bbox 1426 2256 1514 2330; x_wconf 87' lang='lat' dir='ltr'>patet</span> <span class='ocrx_word' id='word_1_161' title='bbox 1546 2256 1615 2315; x_wconf 90' lang='lat' dir='ltr'>tum</span> <span class='ocrx_word' id='word_1_162' title='bbox 1736 2302 1737 2315; x_wconf 69' lang='lat'>.</span> 
     </span>
    </p>
   </div>
   <div class='ocr_carea' id='block_1_4' title="bbox 387 2359 1616 2552">
    <p class='ocr_par' dir='ltr' id='par_1_4' title="bbox 387 2359 1616 2552">
     <span class='ocr_line' id='line_1_18' title="bbox 387 2359 1616 2442; baseline 0.002 -18"><span class='ocrx_word' id='word_1_163' title='bbox 387 2359 498 2441; x_wconf 88' lang='lat' dir='ltr'>fragm.</span> <span class='ocrx_word' id='word_1_164' title='bbox 512 2361 544 2424; x_wconf 89' lang='lat' dir='ltr'>ll</span> <span class='ocrx_word' id='word_1_165' title='bbox 558 2361 722 2441; x_wconf 89' lang='lat' dir='ltr'>perspicue</span> <span class='ocrx_word' id='word_1_166' title='bbox 746 2361 997 2442; x_wconf 75' lang='lat' dir='ltr'>demonstratur,</span> <span class='ocrx_word' id='word_1_167' title='bbox 1021 2360 1221 2427; x_wconf 87' lang='lat' dir='ltr'>Cumanudes</span> <span class='ocrx_word' id='word_1_168' title='bbox 1244 2361 1391 2426; x_wconf 90' lang='lat' dir='ltr'>nimirum</span> <span class='ocrx_word' id='word_1_169' title='bbox 1413 2381 1432 2426; x_wconf 93' lang='lat' dir='ltr'>a</span> <span class='ocrx_word' id='word_1_170' title='bbox 1453 2368 1541 2426; x_wconf 85' lang='lat' dir='ltr'>recta</span> <span class='ocrx_word' id='word_1_171' title='bbox 1564 2379 1616 2426; x_wconf 89' lang='lat' dir='ltr'>co·</span> 
     </span>
     <span class='ocr_line' id='line_1_19' title="bbox 387 2470 1613 2552; baseline 0.001 -18"><span class='ocrx_word' id='word_1_172' title='bbox 387 2470 495 2534; x_wconf 89' lang='lat' dir='ltr'>lumna</span> <span class='ocrx_word' id='word_1_173' title='bbox 517 2472 547 2534; x_wconf 91' lang='lat' dir='ltr'>in</span> <span class='ocrx_word' id='word_1_174' title='bbox 569 2470 702 2552; x_wconf 87' lang='lat' dir='ltr'>legendo</span> <span class='ocrx_word' id='word_1_175' title='bbox 724 2470 882 2551; x_wconf 89' lang='lat' dir='ltr'>profectus</span> <span class='ocrx_word' id='word_1_176' title='bbox 906 2476 964 2536; x_wconf 89' lang='lat' dir='ltr'>est.</span> <span class='ocrx_word' id='word_1_177' title='bbox 1010 2471 1101 2536; x_wconf 92' lang='lat' dir='ltr'>Unde</span> <span class='ocrx_word' id='word_1_178' title='bbox 1123 2473 1332 2552; x_wconf 80' lang='lat' dir='ltr'>cognoscitur,</span> <span class='ocrx_word' id='word_1_179' title='bbox 1355 2491 1395 2537; x_wconf 90' lang='lat' dir='ltr'>ne</span> <span class='ocrx_word' id='word_1_180' title='bbox 1417 2471 1613 2538; x_wconf 89' lang='lat' dir='ltr'>Boeckhium</span> 
     </span>
    </p>
   </div>
   <div class='ocr_carea' id='block_1_5' title="bbox 387 2566 1737 2995">
    <p class='ocr_par' dir='ltr' id='par_1_5' title="bbox 387 2566 1737 2995">
     <span class='ocr_line' id='line_1_20' title="bbox 388 2566 1737 2665; baseline 0.001 -20"><span class='ocrx_word' id='word_1_181' title='bbox 388 2582 514 2661; x_wconf 89' lang='lat' dir='ltr'>quidem</span> <span class='ocrx_word' id='word_1_182' title='bbox 537 2588 622 2646; x_wconf 89' lang='lat' dir='ltr'>recte</span> <span class='ocrx_word' id='word_1_183' title='bbox 645 2581 804 2646; x_wconf 88' lang='lat' dir='ltr'>columnas</span> <span class='ocrx_word' id='word_1_184' title='bbox 827 2582 1029 2665; x_wconf 86' lang='lat' dir='ltr'>disposuisse,</span> <span class='ocrx_word' id='word_1_185' title='bbox 1051 2583 1136 2663; x_wconf 90' lang='lat' dir='ltr'>quod</span> <span class='ocrx_word' id='word_1_186' title='bbox 1158 2600 1229 2646; x_wconf 91' lang='lat' dir='ltr'>cnm</span> <span class='ocrx_word' id='word_1_187' title='bbox 1252 2583 1318 2663; x_wconf 88' lang='lat' dir='ltr'>ipse</span> <span class='ocrx_word' id='word_1_188' title='bbox 1341 2602 1404 2648; x_wconf 91' lang='lat' dir='ltr'>non</span> <span class='ocrx_word' id='word_1_189' title='bbox 1432 2584 1490 2647; x_wconf 88' lang='lat' dir='ltr'>sub</span> <span class='ocrx_word' id='word_1_190' title='bbox 1514 2580 1615 2648; x_wconf 91' lang='lat' dir='ltr'>oculis</span> <span class='ocrx_word' id='word_1_191' title='bbox 1736 2566 1737 2577; x_wconf 39' lang='lat'>¹</span> 
     </span>
     <span class='ocr_line' id='line_1_21' title="bbox 387 2692 1737 2774; baseline 0 -18"><span class='ocrx_word' id='word_1_192' title='bbox 387 2692 533 2757; x_wconf 87' lang='lat' dir='ltr'>habuerit</span> <span class='ocrx_word' id='word_1_193' title='bbox 559 2709 704 2770; x_wconf 87' lang='lat' dir='ltr'>marmor,</span> <span class='ocrx_word' id='word_1_194' title='bbox 739 2704 801 2756; x_wconf 88' lang='lat' dir='ltr'>non</span> <span class='ocrx_word' id='word_1_195' title='bbox 834 2698 883 2755; x_wconf 91' lang='lat' dir='ltr'>est</span> <span class='ocrx_word' id='word_1_196' title='bbox 912 2693 1034 2757; x_wconf 92' lang='lat' dir='ltr'>mirum.</span> <span class='ocrx_word' id='word_1_197' title='bbox 1087 2692 1199 2774; x_wconf 87' lang='lat' dir='ltr'>ltaque</span> <span class='ocrx_word' id='word_1_198' title='bbox 1232 2711 1299 2772; x_wconf 92' lang='lat' dir='ltr'>nos,</span> <span class='ocrx_word' id='word_1_199' title='bbox 1331 2694 1442 2758; x_wconf 90' lang='lat' dir='ltr'>relicta</span> <span class='ocrx_word' id='word_1_200' title='bbox 1464 2692 1614 2758; x_wconf 89' lang='lat' dir='ltr'>Boeckhii</span> <span class='ocrx_word' id='word_1_201' title='bbox 1736 2724 1737 2733; x_wconf 63' lang='lat'>.</span> 
     </span>
     <span class='ocr_line' id='line_1_22' title="bbox 389 2801 1617 2884; baseline 0.001 -18"><span class='ocrx_word' id='word_1_202' title='bbox 389 2802 601 2884; x_wconf 84' lang='lat' dir='ltr'>dispositione,</span> <span class='ocrx_word' id='word_1_203' title='bbox 624 2802 724 2883; x_wconf 93' lang='lat' dir='ltr'>primo</span> <span class='ocrx_word' id='word_1_204' title='bbox 746 2801 814 2866; x_wconf 91' lang='lat' dir='ltr'>loco</span> <span class='ocrx_word' id='word_1_205' title='bbox 836 2801 1066 2881; x_wconf 88' lang='lat' dir='ltr'>collocavimus,</span> <span class='ocrx_word' id='word_1_206' title='bbox 1089 2803 1224 2882; x_wconf 90' lang='lat' dir='ltr'>quaein</span> <span class='ocrx_word' id='word_1_207' title='bbox 1248 2802 1282 2867; x_wconf 84' lang='grc' dir='ltr'>Ο.</span> <span class='ocrx_word' id='word_1_208' title='bbox 1306 2804 1330 2869; x_wconf 91' lang='grc' dir='ltr'>Ι.</span> <span class='ocrx_word' id='word_1_209' title='bbox 1355 2808 1414 2868; x_wconf 83' lang='lat'>281</span> <span class='ocrx_word' id='word_1_210' title='bbox 1439 2809 1489 2868; x_wconf 89' lang='lat' dir='ltr'>est</span> <span class='ocrx_word' id='word_1_211' title='bbox 1511 2803 1617 2869; x_wconf 87' lang='lat' dir='ltr'>media</span> 
     </span>
     <span class='ocr_line' id='line_1_23' title="bbox 390 2910 1737 2995; baseline 0.002 -19"><span class='ocrx_word' id='word_1_212' title='bbox 390 2910 551 2990; x_wconf 81' lang='lat' dir='ltr'>columna3</span> <span class='ocrx_word' id='word_1_213' title='bbox 575 2911 756 2991; x_wconf 89' lang='lat' dir='ltr'>secundam,</span> <span class='ocrx_word' id='word_1_214' title='bbox 789 2930 870 2993; x_wconf 89' lang='lat' dir='ltr'>qnae</span> <span class='ocrx_word' id='word_1_215' title='bbox 892 2913 935 2976; x_wconf 94' lang='lat' dir='ltr'>ibi</span> <span class='ocrx_word' id='word_1_216' title='bbox 964 2913 1074 2993; x_wconf 86' lang='lat' dir='ltr'>prima.</span> <span class='ocrx_word' id='word_1_217' title='bbox 1118 2912 1254 2979; x_wconf 85' lang='lat' dir='ltr'>Errasse</span> <span class='ocrx_word' id='word_1_218' title='bbox 1283 2914 1417 2995; x_wconf 89' lang='lat' dir='ltr'>denique</span> <span class='ocrx_word' id='word_1_219' title='bbox 1440 2912 1616 2993; x_wconf 85' lang='lat' dir='ltr'>Corsinnm,</span> <span class='ocrx_word' id='word_1_220' title='bbox 1736 2930 1737 2979; x_wconf 51' lang='grc' dir='ltr'><em>ὲ</em></span> 
     </span>
    </p>
   </div>
   <div class='ocr_carea' id='block_1_6' title="bbox 390 3021 1616 3769">
    <p class='ocr_par' dir='ltr' id='par_1_6' title="bbox 390 3021 1616 3769">
     <span class='ocr_line' id='line_1_24' title="bbox 390 3021 1616 3103; baseline 0.001 -18"><span class='ocrx_word' id='word_1_221' title='bbox 390 3022 440 3099; x_wconf 83' lang='lat' dir='ltr'>(F.</span> <span class='ocrx_word' id='word_1_222' title='bbox 464 3024 500 3086; x_wconf 89' lang='grc' dir='ltr'>Α.</span> <span class='ocrx_word' id='word_1_223' title='bbox 525 3022 540 3084; x_wconf 95' lang='lat' dir='ltr'>l</span> <span class='ocrx_word' id='word_1_224' title='bbox 562 3040 632 3102; x_wconf 89' lang='lat' dir='ltr'>pag.</span> <span class='ocrx_word' id='word_1_225' title='bbox 659 3022 732 3103; x_wconf 81' lang='grc'>174)</span> <span class='ocrx_word' id='word_1_226' title='bbox 756 3021 840 3103; x_wconf 90' lang='lat' dir='ltr'>quod</span> <span class='ocrx_word' id='word_1_227' title='bbox 861 3023 994 3103; x_wconf 86' lang='lat' dir='ltr'>primam</span> <span class='ocrx_word' id='word_1_228' title='bbox 1017 3040 1099 3103; x_wconf 88' lang='lat' dir='ltr'>quae</span> <span class='ocrx_word' id='word_1_229' title='bbox 1129 3041 1212 3088; x_wconf 89' lang='lat' dir='ltr'>nnnc</span> <span class='ocrx_word' id='word_1_230' title='bbox 1241 3023 1411 3088; x_wconf 84' lang='lat' dir='ltr'>collocetur</span> <span class='ocrx_word' id='word_1_231' title='bbox 1440 3023 1616 3089; x_wconf 89' lang='lat' dir='ltr'>columnam</span> 
     </span>
     <span class='ocr_line' id='line_1_25' title="bbox 393 3130 1616 3215; baseline 0.001 -19"><span class='ocrx_word' id='word_1_232' title='bbox 393 3132 537 3212; x_wconf 87' lang='lat' dir='ltr'>superius</span> <span class='ocrx_word' id='word_1_233' title='bbox 560 3130 657 3198; x_wconf 88' lang='lat' dir='ltr'>fuisse</span> <span class='ocrx_word' id='word_1_234' title='bbox 685 3133 834 3214; x_wconf 81' lang='lat' dir='ltr'>scriptam</span> <span class='ocrx_word' id='word_1_235' title='bbox 868 3134 1041 3213; x_wconf 87' lang='lat' dir='ltr'>censuerit,</span> <span class='ocrx_word' id='word_1_236' title='bbox 1071 3136 1138 3215; x_wconf 78' lang='lat' dir='ltr'>Jam</span> <span class='ocrx_word' id='word_1_237' title='bbox 1170 3153 1254 3198; x_wconf 90' lang='lat' dir='ltr'>nnnc</span> <span class='ocrx_word' id='word_1_238' title='bbox 1276 3134 1441 3199; x_wconf 87' lang='lat' dir='ltr'>manifesto</span> <span class='ocrx_word' id='word_1_239' title='bbox 1475 3139 1616 3215; x_wconf 87' lang='lat' dir='ltr'>apparet,</span> 
     </span>
     <span class='ocr_line' id='line_1_26' title="bbox 391 3240 1613 3325; baseline 0.002 -21"><span class='ocrx_word' id='word_1_240' title='bbox 391 3244 505 3323; x_wconf 88' lang='lat' dir='ltr'>quippe</span> <span class='ocrx_word' id='word_1_241' title='bbox 528 3240 702 3322; x_wconf 83' lang='lat' dir='ltr'>fragmento</span> <span class='ocrx_word' id='word_1_242' title='bbox 725 3243 758 3307; x_wconf 94' lang='lat' dir='ltr'>Il</span> <span class='ocrx_word' id='word_1_243' title='bbox 781 3263 890 3308; x_wconf 88' lang='lat' dir='ltr'>revera</span> <span class='ocrx_word' id='word_1_244' title='bbox 913 3249 978 3308; x_wconf 90' lang='lat' dir='ltr'>tres</span> <span class='ocrx_word' id='word_1_245' title='bbox 1007 3246 1206 3310; x_wconf 88' lang='lat' dir='ltr'>continentur</span> <span class='ocrx_word' id='word_1_246' title='bbox 1240 3244 1411 3325; x_wconf 84' lang='lat' dir='ltr'>columnae,</span> <span class='ocrx_word' id='word_1_247' title='bbox 1431 3264 1493 3310; x_wconf 92' lang='lat' dir='ltr'>norr</span> <span class='ocrx_word' id='word_1_248' title='bbox 1517 3281 1556 3292; x_wconf 85' lang='lat'>-</span> <span class='ocrx_word' id='word_1_249' title='bbox 1578 3243 1613 3307; x_wconf 95' lang='lat' dir='ltr'>id</span> 
     </span>
     <span class='ocr_line' id='line_1_27' title="bbox 391 3352 1616 3435; baseline 0.002 -18"><span class='ocrx_word' id='word_1_250' title='bbox 391 3353 475 3435; x_wconf 91' lang='lat' dir='ltr'>quod</span> <span class='ocrx_word' id='word_1_251' title='bbox 497 3373 535 3417; x_wconf 88' lang='lat' dir='ltr'>ex</span> <span class='ocrx_word' id='word_1_252' title='bbox 558 3352 680 3417; x_wconf 90' lang='lat' dir='ltr'>Corsini</span> <span class='ocrx_word' id='word_1_253' title='bbox 703 3355 859 3418; x_wconf 88' lang='lat' dir='ltr'>sententia</span> <span class='ocrx_word' id='word_1_254' title='bbox 882 3352 1059 3421; x_wconf 85' lang='lat' dir='ltr'>efficeretur</span> <span class='ocrx_word' id='word_1_255' title='bbox 1081 3392 1122 3402; x_wconf 94' lang='lat'><strong>—</strong></span> <span class='ocrx_word' id='word_1_256' title='bbox 1146 3357 1227 3420; x_wconf 89' lang='lat' dir='ltr'>duae</span> <span class='ocrx_word' id='word_1_257' title='bbox 1250 3356 1475 3420; x_wconf 86' lang='lat' dir='ltr'>tantummodo.</span> <span class='ocrx_word' id='word_1_258' title='bbox 1493 3430 1498 3434; x_wconf 43' lang='grc'><em>,</em></span> <span class='ocrx_word' id='word_1_259' title='bbox 1513 3355 1616 3419; x_wconf 86' lang='lat' dir='ltr'>Mont-</span> 
     </span>
     <span class='ocr_line' id='line_1_28' title="bbox 391 3461 1614 3551; baseline 0.001 -24"><span class='ocrx_word' id='word_1_260' title='bbox 391 3461 526 3528; x_wconf 88' lang='lat' dir='ltr'>faucouii</span> <span class='ocrx_word' id='word_1_261' title='bbox 549 3461 568 3526; x_wconf 94' lang='lat' dir='ltr'>l.</span> <span class='ocrx_word' id='word_1_262' title='bbox 594 3462 625 3542; x_wconf 84' lang='lat' dir='ltr'>l.,</span> <span class='ocrx_word' id='word_1_263' title='bbox 649 3461 772 3527; x_wconf 88' lang='lat' dir='ltr'>Corsini</span> <span class='ocrx_word' id='word_1_264' title='bbox 793 3463 813 3527; x_wconf 93' lang='lat' dir='ltr'>l.</span> <span class='ocrx_word' id='word_1_265' title='bbox 836 3464 868 3543; x_wconf 83' lang='grc'>1.,</span> <span class='ocrx_word' id='word_1_266' title='bbox 891 3464 1024 3544; x_wconf 90' lang='lat' dir='ltr'>denique</span> <span class='ocrx_word' id='word_1_267' title='bbox 1048 3464 1136 3529; x_wconf 88' lang='lat' dir='ltr'>Gorii</span> <span class='ocrx_word' id='word_1_268' title='bbox 1165 3463 1318 3551; x_wconf 85' lang='lat' dir='ltr'>(inscript.</span> <span class='ocrx_word' id='word_1_269' title='bbox 1340 3465 1448 3531; x_wconf 85' lang='lat' dir='ltr'>Etrur.</span> <span class='ocrx_word' id='word_1_270' title='bbox 1471 3466 1487 3529; x_wconf 95' lang='lat' dir='ltr'>I</span> <span class='ocrx_word' id='word_1_271' title='bbox 1509 3485 1538 3531; x_wconf 90' lang='lat' dir='ltr'>n.</span> <span class='ocrx_word' id='word_1_272' title='bbox 1561 3465 1614 3546; x_wconf 86' lang='grc'>86)</span> 
     </span>
     <span class='ocr_line' id='line_1_29' title="bbox 394 3573 1615 3658; baseline 0 -18"><span class='ocrx_word' id='word_1_273' title='bbox 394 3575 537 3657; x_wconf 86' lang='lat' dir='ltr'>exempla</span> <span class='ocrx_word' id='word_1_274' title='bbox 560 3573 760 3639; x_wconf 87' lang='lat' dir='ltr'>editadenuo</span> <span class='ocrx_word' id='word_1_275' title='bbox 783 3576 978 3641; x_wconf 89' lang='lat' dir='ltr'>contulimus.</span> <span class='ocrx_word' id='word_1_276' title='bbox 1014 3576 1075 3641; x_wconf 85' lang='lat' dir='ltr'>Sed</span> <span class='ocrx_word' id='word_1_277' title='bbox 1099 3576 1177 3640; x_wconf 91' lang='lat' dir='ltr'>nihil</span> <span class='ocrx_word' id='word_1_278' title='bbox 1199 3577 1303 3657; x_wconf 91' lang='lat' dir='ltr'>magni</span> <span class='ocrx_word' id='word_1_279' title='bbox 1325 3576 1488 3656; x_wconf 87' lang='lat' dir='ltr'>momenti,</span> <span class='ocrx_word' id='word_1_280' title='bbox 1512 3577 1615 3658; x_wconf 88' lang='lat' dir='ltr'>quoad</span> 
     </span>
     <span class='ocr_line' id='line_1_30' title="bbox 391 3685 1615 3769; baseline 0.002 -18"><span class='ocrx_word' id='word_1_281' title='bbox 391 3686 495 3751; x_wconf 84' lang='lat' dir='ltr'>varias</span> <span class='ocrx_word' id='word_1_282' title='bbox 536 3685 703 3764; x_wconf 79' lang='lat' dir='ltr'>lectioneS,</span> <span class='ocrx_word' id='word_1_283' title='bbox 737 3705 775 3749; x_wconf 85' lang='lat' dir='ltr'>ex</span> <span class='ocrx_word' id='word_1_284' title='bbox 802 3686 888 3751; x_wconf 89' lang='lat' dir='ltr'>hisce</span> <span class='ocrx_word' id='word_1_285' title='bbox 918 3688 1122 3769; x_wconf 87' lang='lat' dir='ltr'>repetendum</span> <span class='ocrx_word' id='word_1_286' title='bbox 1145 3693 1228 3765; x_wconf 87' lang='lat' dir='ltr'>erat,</span> <span class='ocrx_word' id='word_1_287' title='bbox 1263 3687 1346 3767; x_wconf 90' lang='lat' dir='ltr'>quod</span> <span class='ocrx_word' id='word_1_288' title='bbox 1386 3705 1449 3752; x_wconf 91' lang='lat' dir='ltr'>non</span> <span class='ocrx_word' id='word_1_289' title='bbox 1483 3693 1516 3752; x_wconf 88' lang='lat' dir='ltr'>et</span> <span class='ocrx_word' id='word_1_290' title='bbox 1548 3688 1615 3768; x_wconf 91' lang='lat' dir='ltr'>ipse</span> 
     </span>
    </p>
   </div>
   <div class='ocr_carea' id='block_1_7' title="bbox 392 3794 1739 3877">
    <p class='ocr_par' dir='ltr' id='par_1_7' title="bbox 392 3794 1739 3877">
     <span class='ocr_line' id='line_1_31' title="bbox 392 3794 1739 3877; baseline 0.001 -16"><span class='ocrx_word' id='word_1_291' title='bbox 392 3797 568 3862; x_wconf 88' lang='lat' dir='ltr'>Boeckhius</span> <span class='ocrx_word' id='word_1_292' title='bbox 590 3797 651 3860; x_wconf 88' lang='lat' dir='ltr'>iam</span> <span class='ocrx_word' id='word_1_293' title='bbox 674 3797 837 3877; x_wconf 87' lang='lat' dir='ltr'>receperit.</span> <span class='ocrx_word' id='word_1_294' title='bbox 887 3794 1047 3862; x_wconf 86' lang='lat' dir='ltr'>Nonnulla</span> <span class='ocrx_word' id='word_1_295' title='bbox 1074 3805 1189 3877; x_wconf 86' lang='lat' dir='ltr'>tamen,</span> <span class='ocrx_word' id='word_1_296' title='bbox 1220 3816 1258 3863; x_wconf 85' lang='lat' dir='ltr'>ex</span> <span class='ocrx_word' id='word_1_297' title='bbox 1281 3796 1376 3863; x_wconf 88' lang='lat' dir='ltr'>Gorio</span> <span class='ocrx_word' id='word_1_298' title='bbox 1405 3801 1462 3863; x_wconf 87' lang='lat' dir='ltr'>aut</span> <span class='ocrx_word' id='word_1_299' title='bbox 1485 3796 1615 3863; x_wconf 84' lang='lat' dir='ltr'>Gorsino</span> <span class='ocrx_word' id='word_1_300' title='bbox 1738 3860 1739 3863; x_wconf 74' lang='grc'>,</span> 
     </span>
    </p>
   </div>
   <div class='ocr_carea' id='block_1_8' title="bbox 391 3907 1616 4213">
    <p class='ocr_par' dir='ltr' id='par_1_8' title="bbox 391 3907 1616 4213">
     <span class='ocr_line' id='line_1_32' title="bbox 391 3907 1060 3989; baseline -0.004 -17"><span class='ocrx_word' id='word_1_301' title='bbox 391 3927 411 3972; x_wconf 87' lang='lat' dir='ltr'>a</span> <span class='ocrx_word' id='word_1_302' title='bbox 433 3908 522 3972; x_wconf 89' lang='lat' dir='ltr'>nobis</span> <span class='ocrx_word' id='word_1_303' title='bbox 546 3912 680 3989; x_wconf 89' lang='lat' dir='ltr'>sumpta,</span> <span class='ocrx_word' id='word_1_304' title='bbox 703 3925 761 3972; x_wconf 90' lang='lat' dir='ltr'>sua</span> <span class='ocrx_word' id='word_1_305' title='bbox 782 3907 850 3972; x_wconf 93' lang='lat' dir='ltr'>loco</span> <span class='ocrx_word' id='word_1_306' title='bbox 871 3908 1060 3972; x_wconf 83' lang='lat' dir='ltr'>notabimus.</span> 
     </span>
     <span class='ocr_line' id='line_1_33' title="bbox 477 4016 1616 4100; baseline 0.005 -19"><span class='ocrx_word' id='word_1_307' title='bbox 477 4018 545 4082; x_wconf 89' lang='lat' dir='ltr'>Iam</span> <span class='ocrx_word' id='word_1_308' title='bbox 567 4023 603 4082; x_wconf 91' lang='lat' dir='ltr'>ut</span> <span class='ocrx_word' id='word_1_309' title='bbox 625 4016 734 4099; x_wconf 85' lang='lat' dir='ltr'>fragm.</span> <span class='ocrx_word' id='word_1_310' title='bbox 758 4018 783 4095; x_wconf 94' lang='lat' dir='ltr'>I,</span> <span class='ocrx_word' id='word_1_311' title='bbox 806 4018 839 4082; x_wconf 95' lang='grc' dir='ltr'>ΙΙ</span> <span class='ocrx_word' id='word_1_312' title='bbox 861 4019 953 4083; x_wconf 91' lang='lat' dir='ltr'>unius</span> <span class='ocrx_word' id='word_1_313' title='bbox 976 4019 1187 4099; x_wconf 90' lang='lat' dir='ltr'>inscriptionis</span> <span class='ocrx_word' id='word_1_314' title='bbox 1210 4037 1279 4084; x_wconf 87' lang='lat' dir='ltr'>esse</span> <span class='ocrx_word' id='word_1_315' title='bbox 1307 4020 1479 4100; x_wconf 89' lang='lat' dir='ltr'>particulas</span> <span class='ocrx_word' id='word_1_316' title='bbox 1506 4019 1616 4087; x_wconf 89' lang='lat' dir='ltr'>docea-</span> 
     </span>
     <span class='ocr_line' id='line_1_34' title="bbox 391 4124 1616 4213; baseline 0.002 -19"><span class='ocrx_word' id='word_1_317' title='bbox 391 4148 471 4208; x_wconf 91' lang='lat' dir='ltr'>mus,</span> <span class='ocrx_word' id='word_1_318' title='bbox 493 4147 555 4193; x_wconf 90' lang='lat' dir='ltr'>non</span> <span class='ocrx_word' id='word_1_319' title='bbox 578 4146 657 4207; x_wconf 91' lang='lat' dir='ltr'>opus</span> <span class='ocrx_word' id='word_1_320' title='bbox 679 4134 728 4192; x_wconf 89' lang='lat' dir='ltr'>eat</span> <span class='ocrx_word' id='word_1_321' title='bbox 749 4124 866 4193; x_wconf 87' lang='lat' dir='ltr'>multis.</span> <span class='ocrx_word' id='word_1_322' title='bbox 899 4130 1038 4193; x_wconf 89' lang='lat' dir='ltr'>Primum</span> <span class='ocrx_word' id='word_1_323' title='bbox 1062 4135 1230 4211; x_wconf 90' lang='lat' dir='ltr'>utrumque</span> <span class='ocrx_word' id='word_1_324' title='bbox 1245 4129 1454 4212; x_wconf 79' lang='lat' dir='ltr'>fragmentum</span> <span class='ocrx_word' id='word_1_325' title='bbox 1469 4130 1509 4196; x_wconf 87' lang='lat' dir='ltr'>ad</span> <span class='ocrx_word' id='word_1_326' title='bbox 1524 4133 1616 4213; x_wconf 90' lang='lat' dir='ltr'>ephe-</span> 
     </span>
    </p>
   </div>
   <div class='ocr_carea' id='block_1_9' title="bbox 391 4224 1739 4435">
    <p class='ocr_par' dir='ltr' id='par_1_9' title="bbox 391 4224 1739 4435">
     <span class='ocr_line' id='line_1_35' title="bbox 391 4224 1739 4333; baseline -0.001 -26"><span class='ocrx_word' id='word_1_327' title='bbox 391 4242 504 4333; x_wconf 90' lang='lat' dir='ltr'>borum</span> <span class='ocrx_word' id='word_1_328' title='bbox 527 4259 577 4304; x_wconf 91' lang='lat' dir='ltr'>res</span> <span class='ocrx_word' id='word_1_329' title='bbox 601 4243 745 4323; x_wconf 87' lang='lat' dir='ltr'>spectare</span> <span class='ocrx_word' id='word_1_330' title='bbox 767 4258 848 4304; x_wconf 90' lang='lat' dir='ltr'>unus</span> <span class='ocrx_word' id='word_1_331' title='bbox 872 4241 1004 4323; x_wconf 89' lang='lat' dir='ltr'>quisque</span> <span class='ocrx_word' id='word_1_332' title='bbox 1027 4240 1077 4305; x_wconf 89' lang='lat' dir='ltr'>vel</span> <span class='ocrx_word' id='word_1_333' title='bbox 1099 4241 1199 4320; x_wconf 91' lang='lat' dir='ltr'>primo</span> <span class='ocrx_word' id='word_1_334' title='bbox 1222 4241 1335 4307; x_wconf 89' lang='lat' dir='ltr'>obtutu</span> <span class='ocrx_word' id='word_1_335' title='bbox 1351 4243 1518 4324; x_wconf 88' lang='lat' dir='ltr'>cognoscit.</span> <span class='ocrx_word' id='word_1_336' title='bbox 1557 4243 1617 4307; x_wconf 86' lang='lat' dir='ltr'>Est</span> <span class='ocrx_word' id='word_1_337' title='bbox 1732 4224 1739 4299; x_wconf 55' lang='grc' dir='ltr'><strong>ζ</strong></span> 
     </span>
     <span class='ocr_line' id='line_1_36' title="bbox 391 4348 1739 4435; baseline 0.001 -18"><span class='ocrx_word' id='word_1_338' title='bbox 391 4352 538 4417; x_wconf 89' lang='lat' dir='ltr'>nimirum</span> <span class='ocrx_word' id='word_1_339' title='bbox 560 4355 730 4429; x_wconf 88' lang='lat' dir='ltr'>utrumqne</span> <span class='ocrx_word' id='word_1_340' title='bbox 757 4350 913 4431; x_wconf 84' lang='lat' dir='ltr'>particula</span> <span class='ocrx_word' id='word_1_341' title='bbox 942 4348 1079 4432; x_wconf 89' lang='lat' dir='ltr'>catalogi</span> <span class='ocrx_word' id='word_1_342' title='bbox 1108 4351 1314 4433; x_wconf 90' lang='lat' dir='ltr'>epheborum,</span> <span class='ocrx_word' id='word_1_343' title='bbox 1351 4351 1460 4434; x_wconf 88' lang='lat' dir='ltr'>quales</span> <span class='ocrx_word' id='word_1_344' title='bbox 1490 4353 1617 4435; x_wconf 90' lang='lat' dir='ltr'>plurimi</span> <span class='ocrx_word' id='word_1_345' title='bbox 1738 4368 1739 4373; x_wconf 74' lang='grc'>’</span> 
     </span>
    </p>
   </div>
   <div class='ocr_carea' id='block_1_10' title="bbox 391 4461 1616 4544">
    <p class='ocr_par' dir='ltr' id='par_1_10' title="bbox 391 4461 1616 4544">
     <span class='ocr_line' id='line_1_37' title="bbox 391 4461 1616 4544; baseline 0 -16"><span class='ocrx_word' id='word_1_346' title='bbox 391 4463 495 4528; x_wconf 90' lang='lat' dir='ltr'>adhuc</span> <span class='ocrx_word' id='word_1_347' title='bbox 516 4461 651 4528; x_wconf 83' lang='lat' dir='ltr'>Athenis</span> <span class='ocrx_word' id='word_1_348' title='bbox 673 4467 749 4527; x_wconf 88' lang='lat' dir='ltr'>sunt</span> <span class='ocrx_word' id='word_1_349' title='bbox 769 4461 898 4528; x_wconf 85' lang='lat' dir='ltr'>inventi.</span> <span class='ocrx_word' id='word_1_350' title='bbox 944 4461 1073 4528; x_wconf 87' lang='lat' dir='ltr'>Accedit</span> <span class='ocrx_word' id='word_1_351' title='bbox 1095 4463 1180 4544; x_wconf 91' lang='lat' dir='ltr'>quod</span> <span class='ocrx_word' id='word_1_352' title='bbox 1202 4480 1283 4542; x_wconf 88' lang='lat' dir='ltr'>quae</span> <span class='ocrx_word' id='word_1_353' title='bbox 1310 4462 1343 4527; x_wconf 88' lang='lat' dir='ltr'>in</span> <span class='ocrx_word' id='word_1_354' title='bbox 1364 4461 1476 4544; x_wconf 87' lang='lat' dir='ltr'>fragm.</span> <span class='ocrx_word' id='word_1_355' title='bbox 1499 4464 1515 4527; x_wconf 94' lang='lat' dir='ltr'>I</span> <span class='ocrx_word' id='word_1_356' title='bbox 1537 4465 1616 4530; x_wconf 88' lang='lat' dir='ltr'>desi·</span> 
     </span>
    </p>
   </div>
   <div class='ocr_carea' id='block_1_11' title="bbox 392 4571 1739 4655">
    <p class='ocr_par' dir='ltr' id='par_1_11' title="bbox 392 4571 1739 4655">
     <span class='ocr_line' id='line_1_38' title="bbox 392 4571 1739 4655; baseline 0.001 -16"><span class='ocrx_word' id='word_1_357' title='bbox 392 4575 552 4655; x_wconf 88' lang='lat' dir='ltr'>derantur,</span> <span class='ocrx_word' id='word_1_358' title='bbox 574 4571 640 4638; x_wconf 86' lang='lat' dir='ltr'>fere</span> <span class='ocrx_word' id='word_1_359' title='bbox 663 4573 829 4638; x_wconf 86' lang='lat' dir='ltr'>cunctam</span> <span class='ocrx_word' id='word_1_360' title='bbox 853 4571 952 4638; x_wconf 86' lang='lat' dir='ltr'>altero</span> <span class='ocrx_word' id='word_1_361' title='bbox 974 4573 1186 4638; x_wconf 87' lang='lat' dir='ltr'>inveniuntur.</span> <span class='ocrx_word' id='word_1_362' title='bbox 1230 4573 1269 4637; x_wconf 91' lang='lat' dir='ltr'>ln</span> <span class='ocrx_word' id='word_1_363' title='bbox 1296 4571 1390 4638; x_wconf 90' lang='lat' dir='ltr'>huius</span> <span class='ocrx_word' id='word_1_364' title='bbox 1412 4573 1536 4654; x_wconf 85' lang='lat' dir='ltr'>generis</span> <span class='ocrx_word' id='word_1_365' title='bbox 1558 4574 1615 4641; x_wconf 87' lang='lat' dir='ltr'>sci·</span> <span class='ocrx_word' id='word_1_366' title='bbox 1738 4648 1739 4651; x_wconf 8' lang='grc' dir='ltr'><strong>Ἴ</strong></span> 
     </span>
    </p>
   </div>
   <div class='ocr_carea' id='block_1_12' title="bbox 0 0 1763 5304">
    <p class='ocr_par' dir='ltr' id='par_1_12' title="bbox 0 0 1763 5304">
     <span class='ocr_line' id='line_1_39' title="bbox 0 0 1763 5304; baseline 0 0"><span class='ocrx_word' id='word_1_367' title='bbox 0 0 1763 5304; x_wconf 95' lang='lat' dir='ltr'> </span> 
     </span>
    </p>
   </div>
  </div>
 </body>
</html>
