3490 5296
854 396 1088 469 -142-

355 574 448 669 quare
469 586 599 655 Rossius
621 587 756 672 exhibet,
778 589 830 656 vix
852 608 1000 673 graecum
1023 594 1080 656 est.
1123 589 1224 656 Immo
1246 587 1341 656 luerit
1362 587 1477 673 potius,
1499 593 1590 673 puto,

355 699 807 801 ΠΟΛΥΚΛΕΙΤΟΣ,
839 703 931 786 quale
953 703 1112 771 archontis
1140 722 1253 771 nomen
1281 704 1418 771 innotuit
1446 724 1485 770 ex
1506 703 1590 787 Eph.
1724 754 1725 767 .

355 812 439 880 arch.
463 835 532 900 περ.
554 813 589 882 Β.
615 820 691 882 169:
715 813 822 905 ἄρχων
844 813 1110 885 Πολύκλειτος
1133 809 1396 902 Ἀλεξάνδρου
1421 813 1590 900 &laeam
1724 828 1725 899 f

355 923 594 992 -litterarum
616 926 731 993 ductus
753 926 848 1009 plane
870 925 952 993 idem
980 929 1029 993 est
1056 931 1151 1007 atque
1180 926 1211 991 in
1234 927 1376 993 Bossian.
1406 928 1454 993 tit.
1484 963 1525 976 -
1558 931 1591 993 et

356 1055 395 1103 ex
413 1035 544 1119 Ephem.
567 1036 652 1104 arch.
679 1041 776 1103 1457:
800 1035 848 1102 ἐπὶ
865 1032 1002 1108 Ἰάσονος
1024 1040 1077 1101 τοῦ
1097 1037 1179 1123 μετὰ
1201 1035 1402 1105 Πολύκλειτον
1423 1037 1587 1128 ἄρχοντος.

356 1146 469 1215 Nescio
493 1166 533 1214 an
555 1149 705 1215 momenti
727 1149 779 1231 sit,
804 1149 889 1233 quod
911 1149 943 1215 in
966 1149 1016 1215 tit.
1040 1147 1125 1235 (Deli
1147 1147 1286 1237 Atticae)
1309 1148 1344 1217 0.
1367 1150 1392 1215 Ι.
1416 1154 1510 1232 2287,
1534 1150 1588 1219 ubi

356 1258 453 1325 verba
477 1257 530 1322 »ἐν
552 1256 602 1345 τῷ
622 1257 672 1323 ἐπὶ
686 1258 837 1349 Ζὴνυνος
850 1257 1004 1349 ἄρχοντος
1017 1252 1154 1346 ἐνιαυτῷ
1157 1285 1171 1321 u
1196 1258 1297 1329 refero
1312 1260 1354 1328 ad
1368 1261 1524 1328 Zenonem
1539 1281 1588 1329 ar-

356 1368 500 1436 chontem
520 1370 593 1437 anni
608 1375 649 1437 47
670 1387 700 1452 p.
717 1370 801 1452 Chr,
823 1375 1074 1439 commemoratur
1094 1369 1280 1461 ἐπιμελητὴς
1292 1371 1393 1462 ahlou
1411 1367 1587 1446 Ἀλέξαν-

355 1478 455 1567 δρος
474 1478 747 1546 Πολυκλείτου
772 1478 925 1557 Φλυεύς,
948 1481 1003 1563 qui
1024 1480 1108 1548 filius
1130 1483 1256 1549 videtur
1277 1481 1443 1550 esseillius
1458 1482 1589 1551 archon-

356 1591 399 1658 tis
422 1591 467 1674 (iu
482 1591 563 1676 Eph.
586 1592 671 1659 arch.
695 1613 765 1678 περ.
787 1590 827 1657 Β.
845 1593 945 1676 169.);
967 1593 1076 1677 itaque
1097 1593 1147 1660 vel
1167 1593 1246 1661 haec
1267 1611 1319 1661 res
1342 1613 1411 1661 eam
1429 1593 1589 1663 archontis

355 1707 490 1769 aetatem
517 1704 641 1771 indicet.
691 1704 767 1770 Ideo
801 1723 859 1788 pro
888 1702 1065 1776 Ποὸύκιπος
1093 1704 1127 1770 in
1156 1705 1222 1773 Col.
1251 1706 1306 1773 IV.
1337 1725 1382 1773 vs.
1414 1712 1441 1774 1.
1477 1706 1586 1774 rescri-

355 1814 492 1881 bendum
514 1814 556 1882 sit
577 1813 794 1894 Πολύκλειτος,
823 1835 916 1900 quem
939 1815 1125 1903 (secundum
1147 1818 1195 1886 tit.
1219 1816 1350 1902 Ephem.
1380 1816 1463 1887 arch.
1489 1815 1586 1903 1457)

357 1930 484 1992 secutus
506 1925 549 1992 sit
570 1926 674 1994 Iason.
720 1926 783 1995 Sed
805 1945 862 2010 pro
885 1933 970 1996 certo
992 1948 1054 1996 non
1077 1933 1227 1997 statuam.

443 2034 500 2102 Aa
519 2060 548 2105 ο.
572 2039 622 2105 22.
646 2039 697 2104 23.
721 2040 773 2107 24.
818 2038 953 2106 Nomina
973 2039 1136 2123 perierunt
1157 2058 1215 2107 nec
1237 2039 1363 2107 aliunde
1384 2043 1460 2107 uota
1480 2044 1564 2108 sunt.

443 2146 500 2212 Ad
519 2171 550 2217 ο.
572 2151 622 2215 25.
667 2151 765 2217 Extat
792 2150 827 2214 M
834 2151 964 2240 ήειυς
991 2152 1123 2219 Duobus
1152 2153 1355 2236 sequentibus
1381 2151 1414 2218 iu
1443 2151 1585 2219 versssrus

355 2263 536 2327 recensetur
564 2259 624 2350 Mb
637 2259 764 2332 ὃειος
793 2265 897 2344 atque
918 2259 1001 2328 idem
1023 2261 1074 2329 vel
1102 2261 1162 2330 hoc
1183 2282 1277 2331 uersu
1299 2262 1450 2347 scriptum
1473 2261 1585 2344 luerit3

355 2371 461 2453 itaque
483 2371 624 2439 Medeius
645 2391 702 2454 per
732 2377 797 2440 tres
828 2373 976 2456 deinceps
1003 2392 1102 2441 anuos
1125 2374 1283 2442 archontis
1306 2374 1449 2458 eponymi
1470 2392 1585 2440 munus

355 2482 635 2567 administraverit,
661 2504 690 2551 a.
715 2488 851 2551 25-27
876 2505 905 2569 p.
931 2484 1003 2553 (lhr.
1054 2485 1145 2566 Quod
1173 2490 1240 2552 tum
1262 2486 1412 2569 temporis
1442 2484 1520 2552 nihil
1542 2484 1584 2551 of-

356 2592 435 2660 fensi
456 2594 562 2677 habet,
585 2614 646 2678 quo
669 2595 815 2662 nimirum
839 2615 947 2663 omnes
969 2595 1184 2679 magistratus,
1207 2597 1404 2678 potissimum
1426 2597 1585 2664 archontis

356 2708 508 2790 epenymi,
539 2705 606 2775 lere
630 2708 662 2773 iu
688 2709 750 2774 vim
775 2708 941 2791 lciturgiae
966 2708 1120 2776 abiissent
1144 2728 1246 2794 neque
1274 2710 1408 2792 amplius
1435 2707 1582 2776 sortiren-

357 2821 409 2883 tur
442 2819 496 2885 sed
527 2800 568 2885 ex
595 2819 755 2884 ditissimis
790 2824 823 2886 et
855 2820 1056 2887 nobilissimis
1085 2819 1293 2903 elegerentur.
1347 2821 1407 2886 Hic
1441 2819 1584 2886 Medcius

356 2932 405 2995 est
427 2928 583 3012 diversus,
606 2930 757 3012 arbitror,
786 2933 826 2997 ab
849 2949 887 2998 eo
908 2931 1059 2999 archonte
1081 2932 1222 2999 eiusdem
1244 2931 1393 3013 nominis,
1423 2931 1476 3013 qui
1499 2931 1583 3011 apud

356 3039 509 3106 Meierum
531 3058 608 3106 corn.
633 3041 729 3124 epigr.
757 3060 829 3124 pag.
855 3047 895 3107 50
925 3061 975 3108 no.
999 3047 1050 3125 24,
1077 3048 1115 3108 15
1146 3047 1311 3126 conparet:
1341 3041 1368 3107 is
1391 3042 1472 3109 enirn
1500 3041 1582 3107 idem

355 3152 480 3218 videtur
508 3156 603 3235 atque
630 3152 773 3218 Medeius
803 3153 921 3218 archon
949 3160 1199 3221 conmemoratus
1231 3154 1263 3218 in
1298 3152 1345 3218 tit.
1375 3152 1534 3222 Philistor.
1557 3153 1583 3233 I,

354 3267 428 3347 post
441 3282 511 3346 pag.
528 3268 567 3329 56
588 3283 637 3330 ne.
654 3270 683 3345 3,
706 3264 756 3330 cui
771 3265 940 3332 antecessit
957 3259 1151 3353 Ἐχεκράτης.
1185 3265 1262 3330 Eius
1277 3263 1411 3331 fortasse
1427 3262 1509 3329 filius
1524 3262 1584 3328 luit

355 3375 498 3442 Medcius
519 3376 619 3443 nostri
641 3375 768 3461 iudicis,
797 3376 914 3442 etenim
936 3375 989 3442 ille
1010 3376 1167 3443 Philistor.
1199 3374 1310 3443 titulus
1339 3376 1450 3441 incidit
1477 3375 1510 3439 in
1541 3373 1584 3439 al·

355 3491 456 3553 teram
477 3488 569 3571 primi
589 3507 618 3555 a.
635 3487 708 3554 cnr.
730 3490 846 3556 saecun
867 3493 999 3573 param.
1023 3527 1066 3538 -
1088 3491 1125 3556 In
1148 3490 1282 3557 nummu
1302 3466 1386 3572 apia
1401 3488 1500 3556 saure
1522 3488 1542 3557 r.
1561 3488 1594 3552 r·

356 3606 505 3682 conparet
526 3619 638 3668 nomen
660 3622 731 3687 pag.
755 3605 827 3683 258,
850 3605 922 3667 259.

439 3709 496 3775 Ad
516 3736 547 3776 a.
570 3714 623 3780 28.
664 3709 888 3802 Ἀν(α)ρχία,
917 3712 938 3780 i.
967 3731 994 3778 e.
1023 3711 1173 3778 archonte
1200 3711 1328 3779 carebat
1354 3728 1468 3794 aunus3
1500 3710 1582 3793 quod

354 3823 577 3907 imperatorum
600 3829 704 3891 aetate
725 3829 890 3907 praeterea
915 3821 1033 3890 factum
1061 3840 1130 3889 esse
1157 3826 1281 3889 constat
1310 3839 1338 3889 a.
1361 3827 1402 3889 83
1429 3837 1459 3902 p.
1482 3819 1581 3901 Chr.¹,

355 3934 488 4011 a.168²,
510 3953 538 3999 a.
565 3933 651 4018 171⁸,
673 3954 701 4001 a.
726 3934 811 4000 211⁴.

441 4041 498 4109 Ad
510 4067 539 4110 υ.
563 4048 614 4112 29.
654 4042 907 4134 Φι(λ)α’νθη(ς)
932 4045 999 4112 siue
1021 4043 1115 4111 dubio
1138 4042 1333 4127 explendum.
1370 4043 1506 4111 Aliunde
1520 4063 1581 4110 non

355 4156 501 4223 innotuit.

362 4284 560 4298 ὴ--ι-ι

426 4347 434 4380 ¹
453 4346 491 4400 cf.
508 4347 622 4414 Phlegon
642 4346 720 4399 Trall.
739 4346 771 4399 de
788 4348 877 4399 mirab.
895 4364 916 4399 c.
934 4349 976 4401 21.

372 4504 374 4509 Δ
425 4431 437 4465 ²
454 4432 491 4487 (ll.
510 4450 586 4500 supra
608 4451 665 4501 pag.
685 4435 725 4489 18.

425 4518 495 4572 ³0l.
515 4518 616 4572 ibidem.

423 4605 436 4636 ⁴
452 4601 490 4660 ef.
508 4621 565 4673 pag.
584 4603 627 4663 sl.
