3490 5296
658 384 892 448 -103—

162 571 287 649 patrum
314 569 347 630 et
376 566 536 633 demnrum
558 567 693 647 nomina,
719 588 756 634 ea
777 587 821 634 us.
838 573 879 633 26
901 569 1131 636 desiderantur.
1176 572 1243 637 Iam
1277 589 1387 638 censeo

162 678 193 742 in
215 676 338 743 nomine
356 672 539 762 Ἔπαφρίων
562 676 711 763 (Ποπλίου
730 676 942 767 narranda),
973 680 1027 764 qui
1050 682 1142 748 homo
1164 681 1197 747 in
1218 682 1267 748 tit.
1292 683 1319 748 B
1341 701 1387 749 VS.

163 792 202 852 23
230 787 313 852 inter
332 787 631 870 hyposophronistas
654 794 712 870 est,
734 788 813 855 illud
827 809 941 857 nomen
955 794 1168 874 quaerendum
1188 809 1265 860 esse.
1314 792 1389 860 Sine

162 898 256 963 dubio
278 898 311 963 in
333 898 379 964 tit.
402 899 430 963 A
450 917 497 963 vs.
515 902 554 963 26
578 901 735 981 sculptum
757 899 862 968 iuerat

320 996 649 1092 εΠᾸΦΡΙωΝ
678 1015 718 1086 Π
745 1001 1008 1111 ΟΠΛΙΟΥ,
1031 1019 1152 1080 restare
1175 1004 1281 1082 autem
1301 1014 1387 1081 vide·

161 1126 212 1187 tur
319 1112 584 1207 euntem
616 1131 648 1207 n·
679 1132 717 1206 u
744 1127 979 1228 ornum,
1001 1130 1086 1197 unde
1107 1129 1307 1197 cumanudes

160 1238 284 1307 finxerit
317 1250 343 1320 e
355 1241 396 1313 Π
406 1226 477 1313 Ad)
491 1244 519 1319 Ρ
558 1238 665 1322 ΟΔΕ
676 1249 723 1322 ΙΤ
737 1244 771 1323 O
785 1245 817 1314 Σ
823 1304 834 1342 ,
858 1246 942 1327 quod
964 1251 1001 1312 ut
1022 1246 1182 1328 conploret
1200 1264 1238 1313 eo
1265 1246 1387 1313 facilius

160 1352 265 1420 induci
285 1359 419 1437 poterat,
442 1357 589 1440 queniam
607 1352 850 1441 Ἐπαφρόδειτος
870 1374 984 1423 nomen
1006 1355 1104 1424 multo
1127 1356 1250 1440 saepius
1273 1375 1385 1425 aucur-

159 1463 202 1528 rit
222 1481 320 1544 quam
337 1460 525 1551 Ἔπαφρῖων.

243 1576 333 1655 Quae
355 1577 459 1642 omnia
480 1577 508 1641 si
528 1581 615 1644 reete
637 1577 849 1658 statuerimus,
871 1578 948 1643 nihil
969 1578 1033 1644 iam
1055 1582 1104 1644 est
1125 1577 1158 1643 in
1173 1577 1325 1645 alterutro
1347 1577 1388 1646 ti·

160 1686 224 1752 tulo
247 1686 333 1769 qued
355 1689 395 1755 ab
418 1688 517 1754 altero
539 1689 707 1756 abhorreat
728 1689 861 1770 ideoque
883 1689 1029 1757 effandet.

245 1799 360 1865 Restat
373 1798 405 1864 in
427 1798 476 1865 tit.
493 1800 520 1865 A
543 1799 700 1881 quoddam
716 1800 827 1867 vitium
849 1804 906 1867 aut
927 1798 1093 1884 sculptoris
1113 1801 1171 1864 aut
1184 1797 1387 1882 Cumanudis,

161 1908 245 1990 quod
276 1908 379 1975 obiter
399 1909 450 1976 hie
478 1910 687 1993 expediemus.
736 1910 862 1977 Etenim
889 1927 935 1976 vs.
960 1913 1000 1975 35
1030 1909 1113 1975 inter
1139 1908 1202 1974 alia
1230 1909 1312 1976 testa
1333 1911 1386 1975 ad·

160 2018 304 2085 feruntur
315 2014 489 2106 Ἀὃριάνεια
504 2021 548 2083 τὰ
570 2018 611 2085 ἐν
626 2019 650 2083 ἅ
656 2043 677 2083 a
686 2043 725 2084 τε
735 2044 758 2104 ις
775 2020 865 2102 quasi
877 2021 972 2086 etiam
983 2018 1045 2086 alia
1058 2019 1121 2084 sint
1130 2014 1312 2104 Ἀδριάνεια,
1326 2038 1389 2088 non

159 2130 191 2194 in
214 2130 295 2196 urbe
319 2129 487 2197 celebrata.
531 2131 675 2214 Duplicia
692 2127 871 2218 Ἀὃριιίνεια
893 2136 964 2198 aeta
978 2148 1048 2197 esse
1069 2128 1154 2195 nullo
1176 2129 1279 2198 adhuc
1301 2131 1389 2197 testi·

158 2241 262 2306 monio
280 2242 501 2322 conprobatur.
535 2241 627 2307 Nude
644 2260 767 2323 semper
781 2246 934 2308 vocantur
944 2237 1124 2327 Ἀδριάνεια.
1158 2239 1389 2308 Discernuntur

158 2357 265 2417 autem
282 2347 449 2415 Ἀντινόεια
472 2352 510 2416 τὰ
530 2353 562 2418 ἐν
585 2349 673 2415 ἄστει
695 2357 727 2418 et
744 2347 781 2417 Ἆ.
805 2352 844 2415 τὰ
866 2351 899 2416 ἐν
911 2349 1066 2416 Ἐλευσῖνι.
1102 2351 1185 2417 Hinc
1206 2350 1317 2416 vitium
1339 2357 1389 2418 est

159 2466 263 2527 ertum
285 2462 320 2527 in
342 2461 434 2527 titulo
456 2462 493 2527 A.
537 2462 696 2528 Adcurate
725 2464 806 2528 enim
835 2480 930 2544 supra
952 2480 997 2528 va.
1022 2465 1072 2542 36,
1101 2461 1209 2528 endem
1237 2460 1306 2528 loco
1326 2478 1388 2543 quo

159 2577 364 2641 recensentur
381 2569 562 2660 Ἀδριάνεια,
584 2574 733 2656 leguntur
750 2570 919 2639 Ἀντινόειον
947 2573 984 2639 τὰ
1006 2572 1039 2636 ἐν
1062 2570 1157 2637 ἄστει.
1201 2571 1272 2639 Huc
1297 2573 1388 2639 aber·

158 2692 270 2751 rerunt
292 2685 375 2754 oculi
397 2691 453 2752 aut
475 2686 542 2751 eius
565 2687 619 2765 qui
641 2686 770 2768 sculpsit
793 2692 850 2754 aut
870 2686 925 2767 qui
946 2685 1110 2767 descripsit
1135 2683 1272 2754 titulum.
1316 2685 1388 2753 Hoc

158 2795 184 2859 si
205 2796 380 2877 quidquam
402 2817 458 2880 pro
481 2801 566 2864 certo
589 2796 754 2862 dicendum
777 2801 834 2862 est.
