3490 5296
592 416 903 479 .-101-

247 600 352 684 Atque
373 621 418 666 vs.
442 602 464 665 6
486 599 532 688 (in
547 596 589 687 A)
612 598 761 668 scribitur
782 597 985 689 Δημοσθένης
1006 597 1132 690 ΣφηΓ
1162 601 1196 667 id
1218 607 1268 669 est
1288 600 1394 690 Σφήτ-

162 733 244 781 τιος.-
274 709 362 777 Idem
383 714 489 778 autem
510 712 544 778 in
565 710 595 776 B
615 730 662 778 vs.
688 717 724 778 ll
749 710 811 779 fert
833 712 979 779 demotici
1004 711 1211 796 conpendium
1235 710 1336 800 ep-
1363 713 1397 780 id

162 826 213 887 est
237 818 420 908 Φηγούσιος.
468 821 569 908 Culpa
597 823 773 907 inputanda
801 822 926 890 videtur
949 822 1117 906 sculptori,
1148 822 1203 906 qui
1229 842 1300 890 cum
1321 824 1397 891 scri-

161 930 239 999 bere
260 932 354 1001 vellet
374 931 535 1000 AHMOC
547 935 707 1001 OENHG
723 934 744 1001 ί
755 934 885 1001 ΦΗΓ
907 934 1033 1020 scripsit
1061 935 1263 1019 neglegenter

405 1043 1081 1131 AHMOCOENHCbHTmmisseuna
1098 1046 1205 1113 littera
1221 1043 1259 1130 C3
1282 1045 1395 1114 Cuma·

161 1155 263 1221 nudes
281 1174 355 1222 vero
367 1155 533 1240 descripsit
543 1157 731 1226 demotieum
747 1155 890 1240 ΜΓ,
923 1156 998 1239 quia
1028 1154 1107 1222 illud
1133 1156 1158 1219 Τ
1179 1155 1313 1223 fortasse
1333 1156 1396 1223 lae

162 1266 726 1351 sumeratinlapide,autquialegens
739 1266 882 1345 ΦΗΓ,
905 1285 975 1333 enm
995 1267 1059 1334 tale
1074 1264 1260 1334 demetitum
1272 1267 1395 1350 ignora·

53 1390 65 1411 ⁰
161 1381 229 1459 ret,
256 1377 336 1443 illud
356 1394 414 1461 pro
438 1375 572 1442 bur·
593 1378 613 1444 i.
635 1398 662 1445 ο.
688 1377 862 1467 spretores
883 1377 1003 1446 habult.
1048 1377 1258 1445 Retinendum
1287 1379 1396 1461 utique

162 1489 289 1556 videtur
315 1507 384 1556 esse
406 1487 480 1576 Αὔρ.
504 1486 713 1577 Δημοσθένης
736 1486 903 1579 (φῆττιος.

255 1598 308 1665 Vs.
333 1603 381 1667 12.
426 1601 471 1683 (in
492 1600 533 1682 A)
556 1598 673 1683 legitur
691 1594 871 1685 Ὄλυμπος)
894 1598 1089 1686 Λαμπτρεύς.
1123 1597 1277 1686 Signum)
1301 1598 1396 1683 sigui·

161 1710 237 1778 ficat
264 1712 365 1796 patris
390 1718 423 1780 et
444 1712 499 1779 filii
522 1730 635 1778 nomen
662 1711 744 1778 idem
767 1730 845 1778 esse.
889 1713 927 1777 In
953 1712 1001 1777 tit.
1025 1711 1052 1775 B
1075 1711 1157 1777 inter
1172 1709 1395 1793 Lamptrenses

30 1869 35 1877 ·
162 1841 208 1889 vs.
233 1828 362 1889 43-44
384 1824 542 1891 invenitur
565 1844 641 1892 sane
655 1821 819 1910 Ὄλυμπος,
841 1831 876 1892 et
898 1843 961 1892 non
978 1820 1139 1908 Ὀλύμπου,
1163 1824 1219 1891 sed
1237 1819 1394 1886 Ἀπολλω-

163 1932 230 1997 νίου
253 1940 303 2001 est
323 1933 413 2002 filius.
451 1936 564 2019 Itaque
585 1936 618 2002 in
640 1938 668 2003 A
689 1954 735 2003 vs.
753 1942 792 2002 12
815 1942 872 2003 aut
892 1954 990 2020 praue
1011 1935 1155 2002 additum
1177 1938 1226 2001 est
1251 1934 1393 2020 signum)

162 2050 221 2111 aut
252 2045 286 2111 in
314 2045 342 2110 B
374 2063 420 2111 vs.
444 2051 486 2111 44
518 2066 580 2112 nen
609 2054 695 2115 recte
724 2049 763 2114 ab
793 2046 976 2115 Cumanude
1007 2046 1131 2113 lectum.
1175 2045 1325 2112 Fortasse
1362 2046 1395 2111 in

161 2165 269 2248 lapide
291 2170 448 2247 superest:
580 2146 689 2242 ottx
729 2212 736 2228 ·
778 2163 949 2244 utorff
994 2163 1193 2231 Cumanudes
1224 2183 1299 2231 vero
1322 2182 1394 2246 sup·
1452 2163 1455 2173 ‘

162 2279 311 2362 pleverit:
484 2262 918 2363 λΠΟ]Λλ[ω]ΝΙΟΥ,
953 2266 1149 2362 Quemquam
1170 2284 1277 2364 potest
1298 2280 1392 2347 etiam

162 2392 191 2457 is
218 2391 274 2471 qui
294 2408 339 2456 vs
357 2394 398 2456 43
421 2388 468 2477 (iu
490 2387 532 2471 B)
556 2392 704 2458 scribitur
727 2391 880 2462 Σώσυλος
897 2388 1046 2476 Ὀλύμπου
1062 2389 1247 2476 Λαμπτρεύς
1268 2390 1395 2456 nomina

162 2502 301 2585 gessisse
327 2496 481 2586 Ὄλυμπος
498 2496 647 2586 Ὀλύμπου
678 2504 766 2567 ὁκαὶ
788 2501 941 2573 Σώουλος
961 2501 1164 2588 Λαμπτρεύς-ς
1197 2502 1282 2582 quod
1311 2501 1394 2568 idem

163 2612 227 2678 iam
245 2629 342 2694 snpra
364 2613 396 2678 in
418 2610 585 2679 Aahoristo
608 2613 853 2680 observavimus.

256 2721 309 2785 Ve.
335 2724 373 2785 17
399 2719 445 2808 (in
467 2719 509 2806 A)
536 2724 693 2805 reperitur
715 2719 907 2807 Ἀγυθόποος
923 2720 1047 2789 Ἀκτίου
1069 2721 1247 2812 Κηφισιεύς.
1296 2723 1395 2802 Quem

164 2832 240 2899 siin
260 2832 288 2897 B
310 2832 500 2915 quaerimus,
527 2833 632 2899 nullus
647 2832 727 2900 alins
750 2853 785 2899 se
806 2834 937 2917 praebet
957 2853 993 2901 ae
1015 2834 1068 2914 qui
1089 2852 1134 2899 ve.
1151 2836 1193 2898 45
1214 2836 1396 2898 recensetur

159 2940 359 3027 Ἀγαθόπους
374 2941 517 3008 Ἀττικοῦ
540 2944 718 3033 Κηφισιεύς.
764 2944 845 3024 Quin
871 2944 923 3012 hie
951 2946 992 3011 ab
1022 2944 1075 3009 illo
1103 2963 1166 3010 uon
1188 2942 1330 3009 diversus
1353 2942 1395 3008 sit

163 3055 216 3120 vix
238 3058 287 3120 est
309 3054 450 3121 dubium.
495 3056 607 3139 Itaque
629 3055 662 3120 in
683 3057 733 3122 tit.
757 3056 785 3120 A
807 3074 903 3138 prave
929 3056 968 3121 ab
998 3054 1157 3137 sculpture
1185 3072 1298 3120 nomen
1326 3070 1396 3119 esse

163 3166 321 3246 sculptum
343 3165 380 3230 fit
399 3166 468 3232 veri
490 3167 606 3246 simile,
636 3166 823 3249 praesertim
845 3184 916 3232 cum
937 3158 1067 3235 Ἄππιος
1092 3184 1205 3231 nemen
1233 3163 1395 3248 proprium

162 3277 283 3344 bamini
305 3278 495 3344 attributum
516 3294 671 3359 nusquam
694 3278 796 3344 adhue
818 3277 860 3343 sit
882 3277 1053 3343 inventum.
1095 3277 1290 3357 Quamquam
1313 3274 1396 3341 enim

163 3388 196 3453 in
210 3388 308 3470 Papei
331 3388 542 3455 onomastiee¹
568 3407 639 3471 pag.
658 3392 697 3453 50
720 3388 778 3454 sub
806 3406 836 3453 r.
859 3380 977 3457 Ἄππιος
1004 3386 1135 3470 legitur:
1161 3386 1395 3461 »Mannsname

163 3497 299 3564 attische
322 3497 510 3564 Inschriiten
531 3499 574 3563 im
595 3498 745 3564 Philistor
767 3497 1034 3578 K(nmanudes)r‚
1056 3501 1162 3562 tamen
1185 3515 1223 3562 ex
1243 3494 1303 3562 hoe
1325 3496 1394 3577 ipso

163 3609 256 3674 titulo
287 3608 326 3673 de
355 3625 418 3691 quo
444 3608 550 3690 agitur
576 3607 655 3673 illud
683 3625 796 3674 nomen
824 3612 985 3689 sumptum
1014 3625 1083 3673 esse
1113 3605 1276 3674 contende.
1321 3606 1395 3689 Ipse

163 3719 301 3785 enimin
324 3717 447 3785 schedis
469 3719 546 3785 meis
575 3719 705 3785 collecta
733 3718 834 3784 habea
864 3723 978 3784 cuneta
1006 3717 1135 3800 propria
1162 3717 1289 3783 nemina
1311 3735 1393 3800 quae

162 3829 196 3894 in
217 3828 395 3895 Philisteris
416 3830 517 3895 titulis
539 3830 757 3913 invenientem
780 3829 837 3895 sed
858 3834 967 3895 nostro
982 3829 1075 3894 titulo
1098 3828 1154 3906 (A)
1178 3832 1308 3911 excepte
1331 3847 1394 3894 non

162 3938 287 4005 invenio
315 3958 428 4006 nomen
453 3934 592 4010 Ἄππιος.
642 3939 839 4006 Eiiciendnm
869 3958 944 4022 ergo
974 3939 1052 4005 iliud
1084 3957 1198 4005 nomen
1230 3956 1269 4005 ex
1290 3938 1395 4022 3Papei

161 4048 277 4133 lexice;
300 4050 413 4116 nititur
435 4051 518 4117 enim
538 4070 637 4134 prava
658 4051 801 4117 lectione.

256 4159 308 4223 Vs.
340 4162 378 4226 15
423 4162 473 4239 (Α.
504 4166 691 4244 systremma
712 4162 758 4241 ΙΙ)
787 4168 969 4230 recensetur
998 4162 1158 4232 Μοστικὸς
1185 4159 1331 4246 Σατύρου
1362 4158 1397 4222 ἐκ

163 4271 310 4358 ΜυρμΓ.
354 4272 442 4337 Idem
470 4273 503 4337 in
525 4273 552 4337 B
575 4272 634 4361 (vs.
651 4270 706 4358 60)
730 4272 918 4339 demetitum
940 4275 1023 4356 gerit
1044 4271 1147 4359 Pup*
1168 4273 1188 4338 i.
1211 4291 1238 4339 ο.
1254 4269 1395 4358 Γαργήτ-

163 4405 235 4452 τιος.
281 4381 372 4461 Quod
396 4381 488 4448 aliter
509 4383 561 4449 vix
576 4383 791 4465 expediturus
806 4384 834 4449 si
854 4383 1050 4464 quadratarii
1065 4401 1202 4451 errorem
1217 4380 1268 4448 rel
1283 4381 1396 4447 vitium

233 4555 243 4584 ¹
263 4551 447 4617 „Wbrterbueh
465 4551 510 4603 der
526 4552 622 4619 grieeh.
641 4552 840 4621 Itigenuemen“‚
858 4553 918 4609 edit.
936 4554 982 4621 111,
1002 4554 1076 4610 lasa.

233 4638 245 4669 ²
261 4637 388 4707 Conpleas
409 4634 563 4690 οΛ[ΥΜ]Π
573 4641 629 4693 ΟΥ.
