3490 5296
575 1553 579 1557 ‚
710 1485 1218 1599 enthusiasmos.

360 1725 400 1818 In
425 1753 556 1837 Ephem.
591 1753 676 1820 arch.
705 1772 754 1821 no.
777 1759 858 1821 2321
891 1759 977 1822 extat
1003 1754 1213 1839 fragmentum
1242 1755 1376 1839 catalogi
1408 1759 1591 1839 prytanum,
1623 1821 1624 1824 ,

362 1866 451 1932 euius
473 1884 528 1931 sex
548 1865 669 1949 priores
692 1884 801 1933 versus
824 1867 869 1933 sio
891 1867 957 1934 fere
978 1868 1166 1935 restituendi
1188 1873 1271 1951 sunt,

561 1973 687 2065 Ἀγαῧῇ
709 1977 800 2067 τύχῃ·
818 1974 894 2059 Ἐπὶ]
919 1979 1085 2070 ἄρχον[τος
1106 1979 1142 2045 Λ.
1167 1979 1241 2046 dia.

566 2087 792 2176 Φι]λοοτροίτοο
814 2088 999 2178 Στειῇοιέως
1019 2090 1068 2155 ἐπὶ
1090 2095 1146 2179 τῆς
1256 2105 1258 2107 ’

566 2249 733 2268 ......
759 2201 962 2287 π]ροτοοείας
983 2203 1011 2264 οἳ
1032 2203 1214 2288 eporedias<

541 2313 612 2377 παὶ
634 2313 662 2376 οἱ
685 2313 824 2392 delector]
850 2317 907 2401 τῆς
931 2312 1066 2384 θῖνεΐὸοτ
1088 2314 1190 2403 φυλῆς

566 2425 781 2514 τειμή]οοντες
802 2424 934 2494 ἑαυτοὺς
955 2423 1099 2510 ἀνέγῇοα-

836 2539 909 2622 dev.

445 2646 612 2713 Archontis
633 2667 746 2714 nomen
769 2649 960 2731 explevimus
986 2649 1094 2715 extit.
1117 2648 1274 2714 Philistor.
1298 2648 1340 2726 Π,
1369 2667 1399 2731 p.
1425 2653 1505 2731 428,
1534 2649 1591 2715 ubi

359 2762 448 2823 vs4
478 2762 581 2825 extat:
610 2756 672 2837 ἐ]πὶ
700 2755 852 2847 ἄρχοοτος
878 2759 913 2824 Λ.
947 2758 1021 2825 dio.
1055 2758 1264 2845 Φιλοστράτου
1291 2757 1474 2846 Στειριέωςε
1505 2760 1591 2825 idem

359 2868 477 2935 archon
498 2869 566 2935 sine
588 2869 682 2937 dubio
704 2872 737 2935 in
759 2875 893 2954 utroque
916 2871 1017 2937 titulo,
1055 2874 1211 2951 Quaerere
1233 2872 1284 2938 hie
1305 2873 1410 2953 pleoet
1433 2871 1472 2936 de
1494 2871 1590 2937 huius

359 2979 519 3046 ereheneis
541 2999 632 3046 anno.
677 2980 714 3046 In
736 2981 914 3048 Philistoris
942 2983 1034 3049 titulo
1064 2983 1147 3049 inest
1174 2984 1329 3067 quaedam
1357 2983 1507 3066 temporis
1538 2983 1591 3048 de·

359 3093 551 3159 terminatio:
583 3096 632 3158 est
654 3092 736 3157 enim
757 3093 801 3158 ibi
823 3093 1070 3175 superscriptum
1095 3091 1326 3184 »Πονοθηναΐὸι
1355 3075 1409 3157 λ’ἐτ
1432 3095 1452 3159 i.
1477 3112 1504 3159 e.
1535 3093 1590 3158 tri·

360 3204 475 3270 cesima
497 3203 608 3285 quinta
628 3203 872 3269 Panathenaide.
918 3204 1006 3284 Quae
1028 3206 1209 3288 conputatio
1240 3205 1289 3271 vel
1312 3205 1413 3271 dicam
1438 3204 1589 3287 temporis

360 3313 498 3381 definitio
528 3332 657 3395 prorsus
687 3314 854 3396 singularis
884 3322 946 3390 est,
980 3333 1081 3397 neque
1112 3315 1281 3398 quidquam
1314 3316 1389 3383 alibi
1415 3314 1455 3382 de
1485 3334 1523 3381 ea
1553 3334 1588 3381 re

359 3426 511 3506 traditur3
544 3427 652 3509 itaque
679 3426 719 3492 ad
747 3444 840 3507 quern
869 3445 985 3492 annum
1014 3428 1091 3492 haec
1117 3427 1199 3493 ratio
1228 3428 1270 3494 sit
1290 3425 1465 3493 revocanda
1499 3426 1586 3508 igno-

358 3542 463 3603 ratur·
502 3537 638 3603 Proinde
667 3537 729 3602 alio
757 3538 849 3603 modo
878 3556 930 3603 res
958 3542 1007 3603 est
1034 3537 1238 3618 expedienda.
1287 3540 1393 3620 Atque
1420 3542 1493 3602 ante
1522 3555 1589 3602 om·

358 3650 411 3716 nia
432 3651 582 3733 temporis
604 3647 755 3715 indicium
776 3650 809 3714 in
831 3649 1012 3715 universum
1033 3649 1161 3729 quidem
1182 3649 1314 3732 praebet
1342 3649 1388 3726 (in
1409 3648 1588 3714 Philistoris

358 3759 465 3841 titulo)
488 3761 673 3843 paedotriba
686 3760 820 3847 Κράτων
836 3762 853 3823 d
872 3762 920 3823 καὶ
934 3758 1110 3846 Σεραπίων,
1134 3762 1224 3826 cuius
1245 3766 1334 3826 aetas
1356 3760 1390 3825 in
1406 3760 1590 3825 universum

357 3873 431 3939 inde
453 3874 604 3938 statuitur
625 3873 709 3953 quod
731 3874 762 3937 in
792 3872 841 3937 tit.
866 3870 929 3937 dci.
953 3873 1007 3948 IV,
1033 3877 1102 3949 168,
1127 3878 1154 3954 3,
1183 3873 1215 3937 in
1244 3890 1306 3953 quo
1333 3871 1417 3937 idem
1440 3873 1592 3953 conparet

357 3984 552 4066 paedotriba,
575 3983 727 4050 sollennia
741 3980 927 4068 Γορὸιοίνειο
949 3988 1237 4063 conmemorantur;
1260 3982 1359 4065 igitur
1385 3981 1456 4047 aire.
1480 4000 1509 4047 a.
1525 3984 1589 4045 240

357 4114 387 4177 p.
403 4095 477 4176 Ohr.
493 4095 561 4161 eius
576 4100 663 4161 aetas
686 4101 735 4173 est
749 4095 903 4178 ponenda.
919 4095 1049 4161 decedit
1063 4095 1148 4177 quod
1171 4095 1202 4160 in
1217 4094 1339 4159 Philist.
1362 4093 1454 4159 titulo
1471 4091 1510 4158 de
1526 4108 1588 4171 quo

357 4207 463 4287 egitur
489 4211 671 4273 recensetur
699 4206 782 4272 inter
812 4208 948 4289 ephebos
980 4203 1134 4292 Ἑρέννιος
1162 4204 1314 4279 Δέξιππος
1334 4195 1499 4290 Ἕρμειος,
1534 4202 1588 4284 qui

355 4318 450 4385 homo
471 4319 550 4384 haut
579 4318 673 4385 dubie
701 4319 784 4385 idem
815 4325 863 4386 est
893 4324 989 4402 etque
1016 4318 1198 4385 notissimus
1227 4317 1280 4382 ille
1307 4315 1490 4395 historicus,
1524 4330 1586 4401 quo

331 4430 436 4496 ,duce
466 4430 675 4497 Athenienses
706 4429 826 4497 Gothos
854 4430 997 4497 vicerunt
1027 4430 1098 4497 ciro.
1126 4450 1154 4497 e.
1184 4433 1245 4493 269
1276 4425 1338 4514 (Gi.
1367 4426 1459 4492 Treb.
1488 4422 1587 4490 Pollio

357 4539 488 4608 Galhen.
521 4540 574 4627 13)
608 4547 641 4608 et
674 4542 729 4625 qui
751 4543 917 4609 Aureliano
952 4547 985 4609 et
1011 4542 1114 4608 Probo
1143 4541 1242 4624 Impp.
1276 4537 1384 4604 floruit
1416 4536 1587 4617 eodemque

356 4656 507 4735 tempore,
529 4653 602 4721 cira.
625 4671 653 4719 a.
672 4657 744 4732 270,
769 4657 806 4720 ut
826 4653 920 4737 vulgo
939 4656 1079 4736 putatur,
1102 4652 1219 4719 archon
1240 4649 1308 4717 fuit.
1342 4647 1403 4735 (ef.
1421 4647 1455 4713 G.
1471 4647 1497 4712 Ι.
1514 4647 1584 4712 380.

936 1087 1004 1179 Vii

530 1296 594 1397 Ab
630 1298 855 1391 EPHEMER.
884 1294 1202 1390 AROHAEOLOG.
1238 1287 1295 1390 ΝΟ·
1328 1314 1416 1395 asar

1733 5118 1734 5189 i
