3490 5296
857 370 1093 431 -112-

445 531 529 598 Casu
550 533 681 616 contigit
707 539 745 600 ut
765 538 876 618 postca
898 536 1041 603 eiusdem
1070 536 1144 602 anni
1172 535 1293 617 integer
1320 535 1512 619 epheborum
1543 553 1591 602 ca·

359 641 484 724 talogus
506 643 548 709 sit
561 644 716 721 inventus,
739 644 792 728 qui
810 645 913 712 editus
936 647 1031 713 estin
1046 646 1179 727 Ephem.
1202 646 1287 713 arch.
1305 668 1374 734 rep.
1390 647 1426 713 B.
1449 665 1500 713 no.
1521 650 1591 723 107,

359 753 447 819 cuius
470 754 584 820 lemma
605 759 670 821 est:
693 755 726 818 ἐν
749 755 874 846 ἄρχοντι
893 754 1014 834 Σύλλα,
1033 753 1211 841 Ἆλκιὸάμον
1235 756 1489 846 conparationem.
1538 758 1592 823 At-

363 882 424 946 que
447 871 618 947 conparent
638 867 682 932 ihi
703 867 786 934 inter
808 868 944 951 ephebos
966 873 1123 937 cosmetae
1144 866 1199 933 filii
1222 866 1283 932 Αἴλ.
1308 867 1515 955 Θεμιστοκλῆς
1532 864 1593 932 Ἀλ-

359 975 489 1060 κιδάμον
518 977 688 1066 Χολλείδης
715 983 748 1045 ei
779 978 841 1045 Αἴλ.
861 976 1038 1065 Ἀλκίὸαμος
1061 977 1246 1064 Ἀλκιδάμον
1275 979 1446 1068 Χολλείδης
1453 978 1464 1055 ,’
1496 979 1592 1046 iidem

359 1088 413 1169 qui
434 1089 467 1154 in
489 1094 598 1155 nostro
620 1091 712 1157 titulo
736 1090 783 1175 (O.
802 1092 828 1158 Ι.
845 1095 920 1175 246)
943 1093 1154 1160 inveniuntur.
1193 1092 1261 1159 Iam
1285 1090 1397 1160 collato
1421 1089 1474 1157 illo
1497 1090 1591 1155 titulo

358 1218 422 1266 non
444 1205 493 1266 est
516 1199 646 1267 duthm
669 1203 745 1285 quin
766 1203 812 1270 ita
833 1204 1065 1270 restituendum
1086 1204 1137 1282 sit,

766 1312 945 1404 Κααμητὴν]
970 1314 1155 1401 Αλκίὸαμ[ον
1255 1396 1258 1402 Δ
1336 1386 1343 1403 .

911 1424 1026 1514 ἔφηβοι

767 1535 975 1624 θεμιστακλῆς
996 1538 1044 1600 καὶ

761 1641 938 1732 Ἀλκίόαμας
959 1648 987 1710 oi
1005 1642 1064 1712 Ἀλ-

765 1756 895 1841 κιδάμαα
918 1759 1026 1838 υὲε[ἴ]ς
1045 1757 1123 1821 Χολ-

765 1866 865 1931 λεῒὸαι
888 1865 1044 1931 ἀνέθεσαν

887 1978 936 2042 Διῒ

766 2085 893 2177 Σωτῆρι
914 2088 1048 2177 ἐφήβων

829 2198 878 2262 ἐπὶ
899 2198 1003 2264 Σύλλα

355 2313 1583 2395 Ρὶλῖολε.1.1.ῃο.3νε.1εκὴίλοοῐε....ΕΝΗΣΑΛΚΙΔΑΜοΥ,

355 2424 446 2504 Quod
462 2425 680 2508 proculdubio
695 2423 825 2490 fuitaut
840 2422 1180 2513 κοσμητὴςἉλκίὸαμας
1202 2433 1259 2494 aut
1280 2430 1435 2516 κοσμητὴν
1453 2424 1585 2492 Ἀλκίδα-

352 2557 428 2622 μονε
451 2537 557 2602 malim
579 2540 684 2603 tamen
713 2536 927 2602 accusativum
954 2554 1078 2620 casum,
1108 2544 1216 2620 aptum
1247 2559 1285 2607 ex
1312 2540 1415 2606 verbis
1448 2535 1583 2624 »ἔφηβοι

355 2644 547 2723 cotteanum
585 2664 774 2730 quamquam
806 2648 946 2728 reliqniis
973 2649 1198 2717 nominativum
1226 2651 1326 2734 magis
1357 2649 1488 2716 indicari
1516 2648 1583 2731 ipsc

354 2776 417 2824 non
437 2756 563 2824 infitior.

446 2874 601 2941 Vua-a.
624 2874 707 2953 Quid
722 2875 832 2940 volunt
846 2875 971 2941 nomina
995 2888 1265 2949 κΑΛΛιΝικοε,
1282 2892 1481 2941 ιΗοοαοεο
1497 2875 1583 2942 Haec

354 2985 396 3050 ad
417 2985 544 3052 titulum
572 3004 634 3052 non
661 2988 818 3067 pertinere
847 2987 948 3052 multa
975 2991 1050 3052 sunt
1077 3002 1159 3066 quae
1182 2985 1403 3052 demonstrent.
1441 2987 1581 3052 Primum

352 3097 439 3163 locus
460 3114 522 3178 quo
545 3099 661 3180 scripta
683 3102 772 3182 sunt3
795 3098 907 3165 deinde
928 3099 996 3182 ipse
1017 3098 1193 3164 htterarnm
1216 3098 1330 3164 ductus
1352 3097 1442 3178 utqui
1470 3097 1510 3163 ah
1533 3115 1581 3162 ce·

352 3208 428 3273 teris
450 3208 636 3290 abhorreat3
662 3227 735 3275 nam
756 3208 932 3276 Bocchhius
964 3210 1109 3276 adnotat:
1135 3208 1231 3275 »haec
1254 3208 1316 3273 duo
1339 3208 1466 3274 nomina
1494 3227 1581 3291 pror-

353 3336 408 3384 sus
439 3318 568 3386 diversis
598 3324 630 3385 et
658 3320 757 3386 multo
784 3321 956 3387 minorihus
984 3319 1098 3386 litteris
1130 3319 1316 3402 interposita
1348 3319 1461 3386 ceteris
1496 3324 1580 3385 sunt.

354 3427 469 3494 Cetera
499 3430 669 3497 maioribus
697 3431 841 3502 ductibus
875 3436 908 3498 et
939 3431 1163 3498 vetustioribus
1197 3433 1271 3496 sunt
1303 3430 1450 3512 scripta«.
1500 3430 1581 3495 Tum

351 3558 392 3605 ne
421 3543 497 3606 sunt
525 3542 651 3623 quidem
681 3543 822 3610 eiusdem
850 3543 924 3610 anni
950 3543 1077 3625 ephehi;
1107 3560 1170 3608 nnn
1195 3539 1478 3626 ssdeprehenduntur
1500 3541 1584 3606 enim

354 3652 437 3718 inter
465 3652 601 3736 ephebos
626 3655 658 3721 in
687 3656 818 3739 Ephem.
849 3654 933 3720 arch.
962 3654 983 3718 l.
1012 3655 1043 3731 l..
1071 3653 1213 3734 quamvis
1241 3652 1324 3718 omni
1350 3671 1390 3718 ex
1418 3656 1509 3735 parte
1538 3652 1583 3717 in·

352 3769 440 3846 teger
462 3765 504 3830 sit
532 3765 651 3832 titulus.
697 3767 809 3848 Itaque
837 3771 923 3833 recte
952 3766 1014 3832 iam
1037 3764 1214 3831 Boeckhius
1236 3762 1327 3829 lineis
1356 3762 1515 3845 separavit
1543 3762 1582 3829 ab

351 3874 472 3942 ceteris.
524 3876 623 3941 Immo
657 3896 731 3943 vero
763 3893 893 3960 prorsus
924 3876 1131 3960 expungenda
1160 3893 1229 3942 esse
1254 3874 1416 3957 videntum
1445 3872 1581 3955 abipso

355 3985 438 4052 enim
460 3985 654 4053 Fourmonto
677 3987 806 4054 consilio
836 3987 1030 4068 nescioquo
1064 4006 1103 4052 ex
1129 4005 1186 4053 suo
1215 3986 1362 4052 videntur
1385 3983 1580 4067 interposita.
1665 4008 1673 4025 ¹

350 4096 434 4163 Nam
449 4095 633 4164 Pittakisius
655 4097 781 4177 quidem
803 4098 914 4165 codem
935 4096 1021 4163 tituli
1042 4096 1110 4164 loco
1131 4116 1172 4164 ne
1194 4098 1287 4163 unius
1309 4095 1435 4180 quidem
1456 4093 1580 4160 litterae

353 4208 542 4292 particulam
563 4227 602 4275 ex
623 4208 710 4293 hisce
732 4208 855 4277 duobus
877 4209 1054 4277 nominihus
1076 4209 1216 4293 praehet,
1239 4208 1295 4275 sed
1316 4208 1350 4274 id
1364 4205 1580 4273 tantummodo
1604 4222 1608 4231 ·

350 4321 436 4403 quod
457 4325 539 4388 vsi
561 4320 749 4403 postulatur,
779 4320 834 4387 scl.
859 4316 983 4408 ἔφηβοι.
1027 4319 1137 4402 Neque
1166 4317 1321 4386 difficilior
1349 4318 1434 4385 lectu
1456 4316 1580 4383 videtur

351 4451 422 4501 esse
443 4433 614 4515 inscriptio,
638 4433 787 4517 quoniam
808 4432 859 4499 rel
879 4431 1065 4499 Pittakisius
1087 4430 1168 4497 hanc
1190 4430 1317 4514 quidem
1338 4430 1494 4513 integram
1516 4427 1578 4495 fere

349 4552 435 4617 recte
463 4546 636 4630 descripsit.
680 4545 793 4628 Itaque
815 4545 947 4633 suspitio
970 4545 1070 4612 oritur
1092 4543 1132 4610 ab
1153 4543 1222 4627 ipso
1243 4543 1434 4611 Fourmonto
1465 4561 1504 4610 ex
1531 4558 1578 4610 ar·

356 4660 465 4746 bitrio,
492 4664 528 4727 ut
549 4659 641 4728 libuit
660 4659 833 4738 interdum,
862 4657 990 4726 nominc
1010 4674 1080 4725 esse
1101 4655 1295 4738 interposita.
