3510 5304
690 408 902 471 ...55-

175 595 202 674 Ι,
234 599 304 674 522,
330 601 358 657 7.
389 595 431 675 ΙΙ,
458 599 520 658 428
548 593 654 682 ἄρχων
688 598 748 657 τῶν
779 594 920 680 ἔφη’βων.
943 630 985 640 -
1007 595 1105 660 Porro
1133 594 1164 660 in
1193 593 1256 662 Φιλ.
1286 596 1311 677 Ι,
1344 599 1401 661 381

177 706 296 772 dicitur
325 707 479 789 expressis
507 706 629 786 verbis,
663 707 715 768 cbo
742 707 862 770 ἑαυτῶν
891 705 1095 792 συνέφηβον
1117 706 1165 768 καὶ
1192 704 1337 795 ἄρχοντα.
1365 744 1406 756 -
1438 792 1443 797 Ι

176 817 277 882 Porro
315 817 398 882 inter
429 817 684 899 gymnasiarchos
715 820 919 883 recensentur
951 816 1084 899 ideoque
1118 820 1192 884 sunt
1223 817 1336 899 ephebi
1373 817 1405 882 in

176 926 242 992 Φιλ.
267 928 326 1003 Ν,
359 931 431 1003 559,
454 932 473 992 3
496 927 620 1016 ἅρχων,
644 927 834 1016 στρατηγός,
863 927 981 1015 κῆρυξ,
998 927 1163 1010 βασιλεύς,
1198 926 1402 1015 πολέμαρχος,

176 1037 385 1122 ἀγορανόμος,
408 1036 599 1122 ιλστυνόμος;
622 1039 653 1102 in
677 1036 741 1104 dci.
767 1038 821 1118 Ν,
845 1043 915 1118 344,
939 1043 958 1104 3
981 1037 1186 1127 πολέμαρχος,
1212 1036 1405 1123 [ἐπώ]νυμος

173 1146 292 1236 ἄρχων,
308 1146 493 1235 στρατηγός,
510 1146 701 1232 ἀγορανόμοι
716 1144 775 1234 (2),
791 1146 966 1232 ’ἀστυνόμοι
982 1145 1042 1235 (2),
1065 1165 1198 1231 quorum
1213 1149 1403 1232 posteriores

173 1263 326 1343 quattuor
355 1259 449 1325 etiam
477 1259 508 1323 in
539 1258 729 1342 epheborum
759 1259 900 1341 catalogo
930 1259 989 1325 sub
1012 1258 1157 1326 tribubus
1189 1258 1340 1341 redeunt;
1371 1260 1402 1325 in

174 1368 240 1436 Φιλ.
258 1371 312 1447 Ν,
330 1375 438 1451 344,4
461 1369 645 1457 στρατηγός,
666 1370 779 1456 κῆρυξ,
801 1365 997 1458 111Ἐφ.ἅρχ.
1019 1373 1100 1435 2831
1125 1368 1231 1459 ἄρχων
1251 1369 1399 1456 ἐφήβων,

170 1482 205 1547 in
229 1481 293 1549 Φιλ.
316 1482 344 1565 Ι,
369 1487 429 1549 382
452 1482 558 1570 ἅρχων
574 1479 726 1566 ἐφήβων,
748 1481 774 1563 Ι,
790 1485 897 1561 334,3
917 1479 1083 1562 βασιλεύς,
1109 1482 1222 1568 κῆρυξ,
1245 1481 1271 1562 Ι,
1294 1485 1400 1562 522,7

171 1593 279 1682 ἅρχων
309 1592 456 1682 ἐφηβων;
487 1593 541 1674 Ν,
565 1597 637 1674 265,
662 1599 676 1657 l
702 1590 825 1680 ἅρχων,
851 1590 1043 1680 στρατηγός;
1070 1592 1119 1673 Ν,
1143 1597 1214 1673 270,
1238 1597 1256 1657 2
1283 1592 1400 1683 ἄρχων,

171 1705 362 1793 στρατηγός,
386 1705 498 1793 ιη’ρυξ,
525 1703 690 1787 βασιλεύς,
717 1701 921 1791 πολέμαρχος,
944 1699 1136 1787 θεσμοθέται
1164 1708 1228 1783 (4);
1251 1703 1305 1782 Ν,
1328 1708 1400 1784 272,

171 1817 193 1880 3
221 1815 344 1903 ἄρχων,
372 1813 562 1902 στρατηγός,
590 1815 697 1903 κη’ρυξ.
727 1814 931 1896 —Denique
960 1814 1014 1894 qui
1042 1814 1074 1882 in
1104 1811 1167 1880 Φιλ,
1191 1814 1258 1895 ΙΙΙ,
1282 1817 1399 1890 553,2

172 1933 446 1994 commemorantur
478 1923 649 2012 στρατηγοί
662 1920 727 2010 (2),
761 1925 893 2012 κη’ρυιες
907 1928 973 2001 (2),
998 1922 1161 2006 βασιλεύς,
1194 1922 1400 2011 πολέμαρχος,

170 2037 363 2121 ἁγορανόμοι
377 2033 438 2124 (2),
460 2036 630 2120 ἀστυνόμοι
645 2031 703 2122 (2),
727 2034 797 2102 ideo
821 2034 933 2118 ephebi
955 2040 1029 2100 sunt
1056 2034 1216 2102 iudicandi
1238 2035 1312 2116 quie
1328 2040 1402 2117 post

169 2168 226 2216 eos
255 2150 427 2216 recensitos
461 2149 591 2232 legitur,
625 2149 654 2211 οἱ
682 2146 886 2211 ὑπόλοιποι
916 2151 979 2208 των
1012 2145 1163 2209 notendo
1194 2145 1271 2209 κατὰ
1300 2146 1400 2234 φυλὴν

170 2260 324 2349 ἔφηβοι
348 2297 389 2308 —-
418 2260 525 2327 Solum
549 2261 589 2327 de
612 2258 647 2325 G.
671 2259 694 2325 Ι.
718 2264 779 2324 272
803 2258 831 2323 Α
854 2257 991 2346 (ἄρχων,
1018 2257 1185 2341 βασιλεύς,
1215 2257 1400 2347 στρατηγός,

168 2373 283 2460 κῆρυξ)
306 2372 522 2438 demonstrare
550 2388 670 2453 nequeo
699 2371 774 2452 quia
802 2370 915 2436 titulus
944 2387 1060 2453 magns
1087 2389 1125 2437 ex
1151 2373 1242 2453 parte
1269 2369 1399 2437 mutilus

168 2489 230 2549 est.
276 2482 339 2549 Sed
361 2487 394 2548 et
414 2482 472 2548 hos
494 2481 631 2565 ephebos
654 2500 723 2548 esse
741 2483 804 2548 iam
826 2481 960 2548 dubium
982 2499 1052 2547 esse
1070 2499 1132 2547 non
1145 2484 1259 2564 potest
1297 2480 1400 2547 Semel

169 2593 267 2659 etiam
289 2591 413 2681 ηνίοχος
433 2591 600 2662 Παλλάδος
621 2590 700 2669 (dei.
724 2592 769 2673 ΙΙ,
793 2597 879 2669 428),
902 2592 965 2658 duo
984 2592 1115 2680 χορηγοὶ
1144 2589 1224 2668 (dei.
1246 2592 1302 2668 Ν,
1325 2597 1398 2668 270,

169 2709 220 2783 2),
256 2704 435 2792 ξυστόρχης
463 2701 541 2789 (dci.
565 2704 620 2779 IV,
649 2708 705 2778 73,
738 2708 752 2767 1
782 2721 827 2769 vs.
846 2703 908 2785 17),
938 2709 971 2768 et
1001 2700 1035 2768 hi
1063 2703 1192 2784 ephebi,
1218 2708 1399 2786 conparent.

167 2815 312 2897 Denique
333 2815 366 2880 in
390 2812 454 2880 όιλ.
478 2812 534 2890 IV,
556 2819 618 2880 344
640 2807 686 2900 (in
708 2810 784 2898 fine)
807 2813 970 2880 duodecim
989 2806 1185 2900 Ἡρακλεῖδαι
1207 2815 1400 2897 totidemque

170 2924 326 3013 Θησεῖδαι,
350 2926 435 3007 iique
457 2925 560 2992 cuncti
583 2925 710 3008 ephebi,
741 2930 954 2991 recensentur.
999 2926 1046 2992 Ac
1074 2944 1114 2993 ne
1139 2927 1199 2994 hcc
1219 2925 1345 3008 quidem
1367 2925 1399 2992 in

168 3057 203 3103 re
227 3035 312 3102 aliud
334 3037 464 3103 subesse
485 3041 562 3119 puto
586 3035 647 3102 nisi
668 3037 793 3103 inanem
816 3036 1006 3119 epheborum
1028 3036 1146 3119 lusum,
1175 3056 1237 3119 quo
1258 3037 1400 3121 publicas

167 3167 220 3214 res
241 3147 356 3212 imitati
378 3152 488 3229 gentes
510 3148 664 3229 quasdem
686 3149 818 3214 intense
840 3148 1040 3215 constituisse
1057 3167 1228 3232 eorumque
1242 3167 1299 3232 pro
1314 3150 1397 3229 prin·

168 3258 290 3342 cipibus
312 3256 363 3322 vel
385 3259 566 3325 auctoribus
594 3260 741 3342 antiquos
769 3259 882 3324 heroes
903 3258 1073 3326 Herculem
1102 3265 1136 3326 et
1163 3260 1317 3328 Theseum
1339 3259 1400 3326 sibi

167 3369 383 3452 adsumpsisse
405 3368 560 3437 videntur.

256 3481 405 3560 Quamuis
436 3486 542 3548 sutem
571 3500 653 3547 vana
674 3481 751 3558 sint,
777 3485 816 3547 ut
837 3480 900 3546 iam
922 3480 1073 3556 diximus,
1101 3483 1206 3548 omnis
1236 3480 1289 3547 ills
1310 3498 1400 3546 voca·

167 3591 243 3658 bula
265 3590 373 3679 ἄρχων
399 3591 577 3679 στρατηγός
592 3578 703 3659 'cetera
725 3593 861 3674 quaein
883 3591 1041 3673 ephebicis
1063 3591 1163 3658 titulis
1190 3593 1400 3674 reperiuntur,

167 3701 288 3787 aliquid
315 3707 420 3770 tamen
448 3703 615 3770 conferunt
642 3703 682 3769 ad
709 3703 837 3786 publico
862 3703 1087 3784 imperatorum
1114 3703 1228 3769 aetatis
1255 3702 1401 3768 instituto

165 3813 372 3894 illustranda,
400 3818 511 3895 utpote
542 3832 624 3897 quae
652 3813 764 3897 ephebi
790 3813 905 3880 imitati
932 3812 1004 3879 sint.
1048 3813 1189 3879 Primum
1218 3813 1300 3879 enim
1329 3831 1400 3882 con·

168 3929 258 3991 stans
279 3923 346 3991 fere
367 3925 445 3992 ordo
468 3931 517 3992 est
536 3926 599 4006 hic,
621 3924 745 4014 ἄρχων,
770 3925 961 4014 στρατηγός,
984 3927 1100 4016 κῆρυξ,
1125 3924 1290 4008 βασιλεύς,
1312 3924 1401 3989 πολέ.

165 4058 307 4125 μαρχος,
338 4033 532 4120 θεσμοθέται
561 4041 708 4118 (quorum
737 4055 886 4102 numerus
915 4035 1079 4117 fluctuat),
1110 4036 1300 4122 ἀγορανόμοι
1321 4035 1400 4123 (ple-

167 4164 302 4230 numque
334 4143 429 4231 duo),
463 4145 633 4231 ἀστυνόμοι
666 4146 742 4227 (duo
774 4148 987 4229 plerumque),
1020 4148 1266 4230 εἰσαγωγεῖς
1298 4147 1398 4225 (duo).

169 4258 236 4324 Hos
264 4275 342 4340 ergo
370 4262 438 4322 tum
469 4258 618 4341 temporis
646 4258 855 4339 amplissimos
884 4259 916 4323 in
943 4256 1104 4339 republica
1135 4257 1232 4325 fuisse
1264 4256 1399 4323 honores

169 4387 287 4451 eosque
309 4369 355 4436 eis
377 4387 456 4452 quos
478 4369 571 4435 modo
593 4369 800 4436 indicavimus
821 4368 972 4451 gradihus
995 4368 1152 4435 docemur.
1193 4367 1297 4450 Atque
1320 4374 1399 4433 stru·

168 4486 276 4563 tegum
309 4478 505 4565 (adcuratius
533 4480 595 4545 dici
622 4478 703 4546 solet
725 4482 900 4567 στρατηγὸς
927 4476 975 4543 ἐπὶ
1002 4479 1039 4542 τὰ
1067 4479 1146 4542 όπλα
1175 4457 1225 4544 vei
1252 4476 1300 4542 ἐπὶ
1328 4479 1401 4548 τοὺς

168 4588 327 4684 όπλείτας)
361 4590 586 4681 imperatorum
615 4594 722 4659 aetate
742 4591 916 4680 proximum
948 4593 1021 4681 post
1053 4589 1233 4659 anebontem
1266 4588 1401 4676 gradum
