3490 5296
927 1070 1022 1163 XVI.

555 1278 618 1371 AD
646 1280 868 1371 EPHEMER,
895 1278 1212 1385 anahabaida.
1240 1282 1296 1372 N0·
1318 1286 1392 1366 646.

237 1556 245 1566 ·
358 1507 396 1601 ln
426 1536 555 1620 Ephem,
589 1537 784 1620 archaeolog.
819 1557 869 1603 no.
901 1540 962 1602 640
997 1536 1160 1603 exhibetur
1194 1537 1384 1620 epheborum
1416 1537 1594 1619 catalogus,

358 1648 391 1713 in
413 1666 475 1729 quo
497 1666 534 1713 eo
564 1648 692 1714 oonsilio
715 1647 765 1713 hie
787 1667 946 1714 moramur
968 1653 1004 1714 ut
1030 1653 1167 1719 aetatem
1195 1649 1279 1715 tituli
1305 1667 1460 1715 eruamus,
1506 1649 1594 1715 Ante

359 1759 463 1825 omnia
484 1760 551 1843 ipse
573 1759 656 1826 tituli
678 1760 805 1826 habitus
828 1759 920 1826 docet
941 1760 1079 1828 incidere
1102 1779 1174 1827 eum
1196 1761 1229 1825 in
1249 1762 1350 1845 prima
1364 1762 1592 1844 imperatorum

358 1876 510 1954 tempora.
554 1872 644 1950 Quod
671 1872 778 1938 multis
808 1872 858 1939 bic
888 1873 1102 1939 demonstrare
1132 1878 1182 1938 est
1203 1893 1485 1957 supervacaneum,
1517 1894 1592 1940 cum

361 1984 415 2067 qui
437 1982 486 2049 661
508 2002 625 2067 paucos
647 1984 714 2049 eius
737 1984 860 2066 generis
884 1985 1053 2068 catalogos
1076 1990 1217 2068 tempore
1238 1988 1322 2070 quod
1346 1991 1394 2053 est
1421 1987 1494 2051 inde
1522 1985 1592 2053 fere

359 2096 398 2162 ab
427 2095 588 2161 Hadriano
621 2096 768 2178 scriptos,
802 2114 972 2180 eorumque
1003 2096 1135 2164 formam
1168 2103 1201 2164 et
1231 2098 1374 2164 habitum
1407 2099 1590 2180 inspexerit,

358 2205 440 2274 facili
462 2208 587 2291 negotio
608 2208 687 2273 illud
709 2209 880 2292 adgnoscat
899 2214 972 2277 ante
986 2210 1182 2276 Hadrianum
1198 2210 1324 2276 titulum
1340 2210 1491 2292 scriptum
1508 2228 1591 2275 esse.

443 2321 548 2400 Atque
570 2326 741 2403 conparent
760 2322 811 2387 hie
826 2323 943 2389 archon
959 2321 1209 2410 dhihxparr'dpr,
1234 2327 1371 2388 cosmeta
1388 2319 1590 2409 Νικασθένης,

360 2431 546 2512 paedotriba
568 2429 746 2518 Πάμφιλος,
776 2453 909 2517 quorum
933 2434 972 2500 de
994 2435 1110 2499 nullius
1132 2439 1237 2500 aetate
1260 2434 1430 2516 quidquam
1453 2439 1588 2501 constat.

357 2542 401 2608 At
422 2549 575 2610 memoret
577 2564 614 2609 ur
561 2545 751 2611 tibidem
773 2547 899 2633 ἡγεμὼν
919 2544 1138 2632 Φιλόστρατος.
1177 2546 1265 2611 Idem
1287 2565 1362 2612 vero
1385 2546 1564 2628 conparet
1556 2566 1589 2611 m

357 2657 549 2738 epheborum
572 2656 1054 2739 666616360.Ι266,66666666
1076 2658 1212 2745 ἡγεμών.
1252 2657 1411 2753 Atquitit
1370 2656 1589 2723 601266

357 2770 535 2851 conpositus
558 2775 621 2850 est,
644 2770 771 2835 utex
762 2789 829 2852 ipso
852 2775 955 2852 patet,
927 2770 1177 2836 tOlaudiit
1124 2776 1196 2837 aeta
1179 2775 1285 2836 attee
1307 2770 1432 2852 quidem
1457 2769 1515 2834 sub
1540 2787 1590 2834 ar·

360 2878 473 2946 chonte
496 2881 686 2962 Metrodoro
733 2881 811 2947 06666
834 2887 998 2948 veretum
1027 2884 1177 2965 temporis
1204 2881 1357 2964 gymnasii
1385 2881 1484 2962 magis
1487 2885 1590 2946 iratus

361 2993 500 3057 nondum
523 3012 579 3073 per
594 2995 678 3059 uitae
701 2998 824 3077 tempus
839 2995 1022 3061 muneribus
1044 2995 1226 3077 fungantur,
1248 2993 1304 3059 sed
1326 2994 1352 3058 66
1376 2993 1428 3076 qui
1451 3010 1509 3072 per
1523 2992 1589 3072 piu-

362 3123 414 3169 res
437 3123 535 3170 666666
558 3107 589 3171 in
613 3105 721 3171 eodem
743 3125 872 3172 munere
895 3111 1101 3190 conpareant,
1130 3105 1163 3169 id
1186 3105 1271 3171 casui
1296 3096 1400 3169 ¹solum
1427 3103 1588 3183 debeatur,

358 3214 492 3283 efficitur
514 3216 641 3283 titulum
664 3218 730 3301 qui.
741 3224 790 3284 est
804 3220 835 3283 in
851 3219 930 3302 Eph.
949 3220 1032 3284 arch.
1049 3223 1110 3283 640
1126 3219 1165 3285 ab
1181 3221 1228 3283 tit.
1245 3217 1299 3301 qui
1314 3222 1363 3282 cst
1378 3217 1410 3280 in
1427 3214 1461 3280 0.
1477 3215 1502 3279 Ι.
1517 3218 1589 3293 266,

358 3329 474 3412 quippe
497 3348 567 3395 cum
589 3330 622 3394 in
643 3335 779 3410 utroque
801 3331 884 3397 idem
907 3331 1033 3417 ἡγεμών
1056 3333 1254 3409 memoretur,
1278 3347 1340 3394 non
1362 3328 1496 3392 multum
1513 3332 1587 3391 tem-

357 3441 444 3522 poris
464 3443 569 3509 idt
520 3447 569 3509 est
590 3460 654 3509 uno
677 3443 726 3508 vel
749 3444 872 3510 duobus
895 3444 985 3509 annis
1009 3442 1071 3508 dist
1058 3447 1135 3510 66.66
1174 3441 1293 3520 Quin‘
1278 3441 1404 3528 αγεμὼν
1421 3438 1588 3525 Φιλόστρα-

359 3576 413 3624 ror
432 3554 464 3619 in
488 3559 670 3639 uttrroque
661 3554 803 3621 itidem
825 3555 867 3621 sit
853 3555 998 3621 tdubito
1021 3575 1058 3621 eo
1080 3554 1198 3635 666666,
1226 3555 1301 3634 quia
1323 3553 1372 3618 661
1394 3553 1476 3618 idem
1500 3551 1587 3614 ὀπλα

355 3664 1588 3754 μάχ6616666666666666666666666666.Ναιη666Ερ16666666-666666666

358 3777 462 3848 Νικίας
483 3775 677 3865 Παλληνεύς,
708 3783 781 3844 cont
781 3797 818 3843 66
767 3776 929 3843 rinc.
954 3778 978 3842 Ι.
1003 3781 1063 3842 666
1087 3780 1247 3859 superest·
1241 3821 1475 3842 ........
1502 3768 1587 3836 Αντι-

358 3886 450 3970 γόναα
472 3886 668 3975 Παλληνεύς,
696 3891 803 3972 itaque
825 3890 982 3972 integrum
1004 3891 1072 3955 eius
1096 3908 1208 3954 nomen
1231 3887 1328 3953 fuisse
1350 3904 1509 3953 censeam:
1541 3886 1587 3947 Νι-

356 3997 424 4069 κίας
443 3995 610 4084 Ἀντιγόνου
626 3998 815 4088 Παλληνεύς.
853 4002 897 4067 Et
918 4020 993 4068 vero
1017 4000 1101 4084 apud
1117 4001 1262 4066 Rossium
1285 4001 1324 4066 de
1347 4000 1427 4064 dem.
1451 4016 1521 4080 pag.
1539 4002 1587 4074 34,

355 4131 405 4178 no.
424 4117 463 4177 10
486 4118 635 4193 conparet
650 4115 777 4196 quidam
797 4113 897 4184 Νικίας
913 4109 1082 4197 ’6166666666
1098 4111 1294 4200 Παλληνεύς,
1320 4127 1421 4191 neque
1439 4108 1587 4192 temporis

357 4223 438 4288 ratio
467 4231 624 4308 repugnat
651 4226 727 4308 quin
757 4226 841 4291 idem
871 4226 1081 4308 intellegatur.
1129 4216 1302 4290 Rossianus
1330 4222 1412 4288 enim
1440 4221 1489 4286 666.
1519 4239 1588 4287 con·

354 4334 477 4416 positus
500 4340 549 4402 est
571 4338 629 4403 sub
653 4337 803 4404 archonte
771 4338 1056 4420 t,Rhoemetalca
1080 4341 1157 4403 natu
1177 4334 1321 4415 minore,1
1344 4333 1587 4416 Rhescuporidis

427 4506 1589 4578 16661666666666166116166Τ666166616666,6ἰ666611166666666666166666666166616666

356 4575 503 4645 νεώτερος,
