3510 5304
670 433 880 494 ..59..

161 617 321 683 conditum
343 636 412 685 esse
434 622 556 702 censet,
581 637 676 700 quam
698 617 885 683 sententiam
908 616 1167 698 Dittenbergerus
1180 617 1200 681 1.
1217 616 1236 680 l.
1260 636 1332 699 pag.
1351 622 1390 681 52

135 729 341 821 021914024νί4
379 747 495 810 »quum
524 729 589 793 iam
616 728 651 792 in
677 726 849 811 plebiscitis
877 727 1008 793 alterius
1037 746 1064 794 a
1095 725 1169 794 Chr.
1198 727 1316 794 sacculi
1338 727 1389 809 (ci.

160 838 209 905 tit.
237 838 358 905 Philist.
391 857 470 920 quos
502 857 599 922 supra
632 839 738 920 attuli)
773 844 1051 905 commemoratum
1087 839 1143 920 (sc.
1172 838 1390 921 Diogeneicn).

160 950 359 1032 Quamquam
382 951 453 1017 illos
475 949 584 1016 titulos
607 950 721 1033 quibus
744 949 1005 1032 Dittenbergerus
1036 949 1147 1016 nititur
1176 968 1287 1015 revera
1308 949 1393 1015 intra

160 1060 300 1126 alterum
328 1081 359 1127 a.
383 1059 457 1127 Chr.
485 1060 645 1128 saeculum
672 1059 849 1142 conpositos
875 1077 945 1126 esse
974 1058 1077 1126 adhuc
1105 1076 1196 1126 nemo
1222 1077 1279 1141 pro
1305 1062 1393 1125 certo

159 1171 403 1253 demonstravit3
428 1190 501 1237 nam
522 1172 622 1254 ipsIus
644 1169 878 1252 Dittenbergeri
899 1177 1085 1252 argumenta
1108 1170 1141 1253 (l.
1163 1171 1183 1236 l.
1205 1188 1276 1252 pag.
1299 1175 1329 1235 4.
1347 1171 1389 1251 5.)

159 1300 222 1346 non
245 1282 340 1364 plane
362 1281 563 1365 persuadent.
601 1279 690 1347 Nihil
710 1282 888 1364 inpedimur
908 1282 1074 1364 quominus
1096 1281 1278 1348 inultorum
1299 1281 1391 1364 primi

159 1412 188 1458 a.
214 1392 289 1458 Chr.
314 1393 430 1459 saeculi
453 1392 616 1459 dimidium
635 1410 689 1460 eos
705 1392 920 1475 detrudamus,
942 1392 1109 1461 dummodo
1131 1411 1171 1458 ne
1193 1392 1224 1458 in
1251 1393 1391 1473 ipsorum

160 1504 387 1586 imperatorum
420 1507 526 1569 aetate
557 1521 719 1586 ponamus.
768 1505 813 1569 Et
845 1523 921 1570 sano
954 1504 1076 1570 Keilius
1109 1504 1141 1569 in
1175 1488 1257 1568 Mus.
1289 1501 1390 1569 Rhen.

160 1615 270 1681 XVIII
292 1633 365 1697 pag.
388 1619 428 1680 67
451 1632 547 1680 unam
574 1634 612 1682 ex
637 1614 700 1681 illis
729 1615 997 1699 inscriptionibus,
1027 1614 1091 1680 Φιλ.
1114 1616 1130 1680 Ι
1151 1618 1224 1697 post
1243 1631 1315 1695 pag.
1339 1616 1389 1692 56,

163 1731 191 1806 l,
213 1725 323 1808 posuit
342 1726 426 1791 intra
448 1742 546 1791 annos
562 1730 689 1791 47-40
707 1745 735 1792 a.
754 1726 844 1810 Chr.;
868 1746 924 1795 our
944 1728 990 1794 ita
1011 1726 1087 1792 velit
1108 1726 1151 1792 ibi
1165 1744 1226 1791 non
1241 1724 1391 1791 indicavit

160 1835 297 1916 quidem,
325 1853 514 1918 quamquam
530 1835 651 1902 Keilius
666 1855 737 1903 cum
759 1837 879 1919 profert
900 1837 1087 1904 sententiam
1114 1852 1284 1919 numquam
1306 1836 1390 1901 iusta

162 1965 260 2012 causa
278 1952 374 2014 caret.
409 1947 513 2012 Huius
536 1966 610 2030 ergo
626 1948 653 2013 si
668 1948 823 2014 sententia
836 1967 911 2014 vera
926 1949 977 2030 sit,
990 1985 1033 1995 —
1048 1948 1192 2031 equidem
1208 1965 1270 2013 non
1289 1945 1391 2012 habeo

164 2057 241 2139 quid
257 2076 438 2140 repugnem,
453 2095 496 2108 -
510 2059 551 2126 ab
570 2078 644 2126 vero
664 2078 726 2126 non
748 2060 917 2128 abhorreat
939 2061 1095 2127 sententia
1109 2061 1279 2143 Diogenem
1301 2058 1390 2125 illum

160 2185 231 2234 esse
254 2187 328 2233 eum
350 2169 539 2236 statuarium
560 2176 593 2237 et
614 2171 821 2239 architectum
842 2191 935 2255 quem
958 2172 1191 2240 Schoemannus
1216 2170 1389 2254 intellegat.

161 2277 228 2345 Gur
244 2279 329 2344 eni1n
346 2281 413 2346 eius
427 2286 518 2348 aetas
533 2299 595 2348 non
612 2299 712 2365 usque
727 2283 767 2350 ad
782 2285 918 2366 Augusti
933 2287 1056 2368 tempus
1070 2284 1200 2367 produci
1214 2283 1337 2367 possit?
1348 2320 1389 2330 -

163 2436 167 2444 ·
254 2390 307 2457 Va.
335 2395 389 2458 25.
440 2390 645 2476 ἀγωνοθέται.
689 2395 733 2460 Et
758 2396 791 2461 hi
821 2413 944 2478 semper
971 2415 1010 2462 er
1039 2396 1229 2478 epheborum
1258 2413 1388 2460 numero

161 2509 237 2571 sunt
265 2523 369 2587 neque
391 2502 561 2587 quidquam
583 2523 747 2572 commune
775 2506 893 2573 habent
922 2525 993 2573 cum
1021 2508 1153 2590 publicis
1181 2504 1389 2589 agonothetis,

162 2615 216 2700 qui
239 2620 274 2681 et
296 2615 357 2696 ipsi
375 2615 493 2698 passim
515 2615 548 2681 in
570 2616 670 2683 titulis
691 2618 915 2700 imperatorum
937 2619 1051 2685 aetatis
1073 2618 1283 2685 inveniuntur.
1327 2616 1388 2681 Ita-

161 2745 223 2808 que
245 2745 329 2810 quae
351 2725 616 2809 Dittenbergerus
637 2729 657 2793 Ι.
680 2729 699 2794 l.
724 2747 794 2813 pag.
818 2734 944 2796 46—48
967 2730 1007 2796 de
1029 2728 1225 2812 agonothetis
1241 2727 1389 2793 disseruit

159 2837 221 2903 huc
244 2856 308 2903 non
329 2837 498 2920 pertinent,
520 2838 575 2904 ubi
597 2839 839 2920 epheborum
861 2859 912 2907 res
928 2846 1073 2924 aguntur.
1111 2839 1207 2907 Errat
1227 2858 1298 2906 cum
1320 2858 1389 2906 cen·

160 2952 210 3014 set
231 2948 408 3031 posteriore
431 2948 557 3014 demum
586 2952 729 3033 tempure
757 2951 853 3016 etiam
875 2951 934 3018 hoc
956 2970 1069 3018 munus
1097 2951 1225 3035 ephebis
1246 2950 1389 3017 mandari

159 3059 270 3125 solere.
316 3059 399 3125 Nam
420 3059 598 3141 quicunque
626 3061 659 3126 in
687 3060 876 3143 epheborum
899 3063 1068 3146 catalogis,
1092 3063 1317 3145 imperatorum
1337 3080 1390 3128 ae·

158 3174 228 3237 tate·
246 3170 385 3251 scriptis,
407 3176 610 3238 recensentur
634 3172 842 3254 agonothetae
864 3174 969 3240 cuncti
990 3178 1065 3239 sunt
1086 3193 1124 3239 ex
1152 3173 1228 3256 ipsis
1250 3172 1388 3254 ephebis,
1482 3166 1486 3171 ’

159 3280 219 3344 nisi
249 3279 408 3363 expressis
430 3281 534 3347 verbis
556 3286 711 3359 cosmeta,
743 3282 963 3359 andcosmeta,
993 3284 1210 3367 sophronistae
1231 3288 1288 3349 ant
1308 3283 1389 3348 alius

159 3391 297 3476 deniquo
318 3393 473 3475 gymnasii
494 3395 699 3477 magistratus
721 3393 871 3476 adfertur,
893 3395 978 3478 quod
998 3396 1116 3478 passim
1151 3394 1197 3461 fit.
1220 3393 1390 3462 Confirme-

158 3520 227 3567 mus
259 3504 450 3569 sententiam
478 3509 634 3571 nostram:
665 3506 726 3585 Qui
754 3507 962 3590 agonothetae
989 3511 1192 3573 recensentur
1218 3505 1312 3571 iidem
1341 3525 1392 3572 re

157 3612 255 3699 deunt
277 3614 361 3681 inter
383 3615 520 3697 ephebos
550 3634 607 3698 per
635 3616 737 3683 tribus
767 3617 935 3700 dispositos
964 3617 1097 3698 ideoque
1126 3617 1238 3700 ephebi
1259 3621 1335 3681 sunt
1356 3616 1388 3682 in

155 3723 242 3790 hisce
264 3723 383 3790 titulis:
402 3722 465 3789 Φιλ.
483 3725 508 3801 Ι,
531 3730 603 3803 518,
625 3731 653 3793 6.
677 3764 718 3774 -
741 3726 801 3802 ΙΙΙ,
817 3733 889 3805 277,
914 3730 940 3792 l.
964 3764 1007 3775 -
1027 3729 1052 3805 Ι,
1070 3732 1140 3805 522,
1157 3733 1185 3794 7.
1208 3763 1251 3775 -
1273 3728 1300 3807 Ι,
1317 3732 1389 3804 384,

156 3838 187 3898 4.
209 3870 253 3882 -
276 3834 321 3911 ΙΙ,
343 3839 416 3901 428.
441 3871 483 3883 -
505 3835 559 3923 IV,
584 3841 654 3919 168,
678 3842 707 3902 2.
738 3875 779 3886 -
809 3838 865 3913 IV,
890 3844 960 3918 168,
985 3844 1013 3904 3.
1042 3874 1084 3889 -·
1113 3838 1169 3912 IV,
1194 3842 1264 3914 559,
1290 3843 1323 3920 13
1345 3875 1389 3886 —-

156 3943 293 4011 redeunt
313 3946 397 4013 inter
419 3966 473 4014 cos
495 3948 550 4029 qui
570 3948 706 4031 palmam
730 3950 871 4016 tulerunt
892 3949 1028 4033 ephebos
1043 3949 1076 4014 in
1090 3948 1138 4015 tit
1154 3947 1219 4016 Φιλ.
1242 3947 1300 4029 IV,
1316 3953 1389 4025 344,

157 4058 252 4121 2.-
270 4053 381 4146 Ἐφημ.
399 4059 472 4148 app.
496 4064 588 4125 2600.
611 4058 646 4125 d.
668 4058 693 4124 Ι.
719 4054 796 4143 245,
819 4095 862 4106 -
884 4060 1017 4127 redeunt
1037 4079 1132 4143 porro
1154 4060 1236 4126 inter
1261 4078 1389 4142 gymna-

156 4165 298 4234 siarchos
322 4173 462 4235 autnon
485 4169 922 4251 nulliantomneseamque
952 4172 1051 4253 ipsam
1081 4172 1121 4237 ob
1155 4188 1281 4236 causam
1314 4176 1389 4237 sunt

156 4278 269 4360 ephebi
291 4280 424 4361 putandi
454 4280 486 4346 in
508 4270 626 4346 titulis:
656 4279 720 4347 ort.
745 4283 802 4359 ΙΙΙ,
826 4287 900 4359 350,
925 4288 952 4347 l.
976 4318 1017 4328 -
1040 4282 1099 4359 III,
1122 4288 1244 4358 444,1.
1266 4318 1308 4329 -
1332 4282 1387 4358 IV,

156 4393 227 4470 265,
253 4395 282 4455 1.
307 4427 346 4436 -
371 4391 397 4473 Ι,
421 4397 491 4458 382.
520 4428 561 4439 -
590 4392 647 4469 lv,
672 4398 748 4476 270,
773 4400 874 4459 2.’-4
902 4393 958 4471 IV,
988 4398 1068 4470 272,
1097 4400 1126 4460 3.
1156 4429 1195 4440 -
1227 4391 1284 4472 IV,
1316 4398 1387 4469 344,

157 4503 185 4565 3.
216 4535 256 4548 -
286 4501 344 4583 IV,
374 4506 450 4586 559,
478 4508 507 4570 3.
535 4541 579 4551 -
606 4500 716 4593 Ἐφημ.
747 4505 817 4594 dul·
856 4510 949 4572 2831.
983 4542 1038 4565 -.
1057 4503 1123 4570 dri.
1157 4505 1222 4581 ΙΙΙ,
1256 4509 1334 4585 553,
1368 4509 1386 4569 2

178 4604 182 4611 ι

156 4614 231 4691 (quo
266 4613 300 4677 in
343 4612 435 4680 titulo
470 4621 636 4698 praeterea
674 4620 748 4698 post
790 4616 961 4691 recensitos
995 4616 1202 4699 agonothetas
1240 4615 1388 4682 scribitur
