<?xml version="1.0" encoding="UTF-8"?>
<!DOCTYPE html PUBLIC "-//W3C//DTD XHTML 1.0 Transitional//EN"
    "http://www.w3.org/TR/xhtml1/DTD/xhtml1-transitional.dtd">
<html xmlns="http://www.w3.org/1999/xhtml" xml:lang="en" lang="en">
 <head>
  <title>
</title>
<meta http-equiv="Content-Type" content="text/html;charset=utf-8" />
  <meta name='ocr-system' content='tesseract 3.04.00' />
  <meta name='ocr-capabilities' content='ocr_page ocr_carea ocr_par ocr_line ocrx_word'/>
</head>
<body>
  <div class='ocr_page' id='page_1' title='image "./commentationese01neubgoog_0106.png"; bbox 0 0 3490 5296; ppageno 0'>
   <div class='ocr_carea' id='block_1_1' title="bbox 672 418 896 484">
    <p class='ocr_par' dir='ltr' id='par_1_1' title="bbox 672 418 896 484">
     <span class='ocr_line' id='line_1_1' title="bbox 672 418 896 484; baseline -0.009 -17"><span class='ocrx_word' id='word_1_1' title='bbox 672 418 896 484; x_wconf 68' lang='lat'>..95-</span> 
     </span>
    </p>
   </div>
   <div class='ocr_carea' id='block_1_2' title="bbox 163 602 1488 1024">
    <p class='ocr_par' dir='ltr' id='par_1_2' title="bbox 163 602 1488 1024">
     <span class='ocr_line' id='line_1_2' title="bbox 164 602 1392 688; baseline -0.008 -11"><span class='ocrx_word' id='word_1_2' title='bbox 164 611 287 678; x_wconf 75' lang='grc'><strong>066666</strong></span> <span class='ocrx_word' id='word_1_3' title='bbox 310 610 346 675; x_wconf 87' lang='lat' dir='ltr'>F.</span> <span class='ocrx_word' id='word_1_4' title='bbox 376 611 412 674; x_wconf 91' lang='lat' dir='ltr'>A.</span> <span class='ocrx_word' id='word_1_5' title='bbox 436 608 484 688; x_wconf 84' lang='grc' dir='ltr'>ΙΙ,</span> <span class='ocrx_word' id='word_1_6' title='bbox 509 613 580 688; x_wconf 81' lang='grc'><strong>167,</strong></span> <span class='ocrx_word' id='word_1_7' title='bbox 601 606 649 673; x_wconf 85' lang='lat' dir='ltr'>IV</span> <span class='ocrx_word' id='word_1_8' title='bbox 676 626 706 688; x_wconf 83' lang='lat' dir='ltr'>p.</span> <span class='ocrx_word' id='word_1_9' title='bbox 732 610 802 672; x_wconf 84' lang='grc'>190.</span> <span class='ocrx_word' id='word_1_10' title='bbox 830 605 972 671; x_wconf 82' lang='lat' dir='ltr'><strong>Mueller.</strong></span> <span class='ocrx_word' id='word_1_11' title='bbox 995 603 1068 670; x_wconf 91' lang='lat' dir='ltr'>hist.</span> <span class='ocrx_word' id='word_1_12' title='bbox 1096 602 1134 668; x_wconf 83' lang='lat' dir='ltr'>f.</span> <span class='ocrx_word' id='word_1_13' title='bbox 1157 602 1216 683; x_wconf 86' lang='lat'>111,</span> <span class='ocrx_word' id='word_1_14' title='bbox 1240 602 1302 666; x_wconf 92' lang='grc'>666</span> <span class='ocrx_word' id='word_1_15' title='bbox 1324 619 1392 684; x_wconf 85' lang='lat' dir='ltr'><strong>sqq.</strong></span> 
     </span>
     <span class='ocr_line' id='line_1_3' title="bbox 163 712 1392 802; baseline -0.009 -14"><span class='ocrx_word' id='word_1_16' title='bbox 163 722 256 791; x_wconf 79' lang='lat' dir='ltr'>Rosa</span> <span class='ocrx_word' id='word_1_17' title='bbox 280 722 319 786; x_wconf 92' lang='lat' dir='ltr'>de</span> <span class='ocrx_word' id='word_1_18' title='bbox 342 721 422 785; x_wconf 88' lang='lat' dir='ltr'>dem.</span> <span class='ocrx_word' id='word_1_19' title='bbox 446 738 517 802; x_wconf 83' lang='lat' dir='ltr'>pag.</span> <span class='ocrx_word' id='word_1_20' title='bbox 536 724 576 784; x_wconf 83' lang='grc'>69</span> <span class='ocrx_word' id='word_1_21' title='bbox 598 738 649 784; x_wconf 90' lang='grc'>66.</span> <span class='ocrx_word' id='word_1_22' title='bbox 667 715 741 802; x_wconf 72' lang='lat' dir='ltr'>io).</span> <span class='ocrx_word' id='word_1_23' title='bbox 775 716 873 791; x_wconf 78' lang='lat' dir='ltr'>Idem,</span> <span class='ocrx_word' id='word_1_24' title='bbox 895 715 1015 780; x_wconf 91' lang='lat' dir='ltr'>utiam</span> <span class='ocrx_word' id='word_1_25' title='bbox 1038 715 1111 794; x_wconf 80' lang='lat' dir='ltr'>dini,</span> <span class='ocrx_word' id='word_1_26' title='bbox 1133 715 1166 778; x_wconf 91' lang='lat' dir='ltr'>in</span> <span class='ocrx_word' id='word_1_27' title='bbox 1193 712 1314 778; x_wconf 92' lang='lat' dir='ltr'>Philist.</span> <span class='ocrx_word' id='word_1_28' title='bbox 1342 712 1392 778; x_wconf 90' lang='lat' dir='ltr'>tit.</span> 
     </span>
     <span class='ocr_line' id='line_1_4' title="bbox 164 823 1395 912; baseline -0.008 -15"><span class='ocrx_word' id='word_1_29' title='bbox 164 836 215 897; x_wconf 91' lang='lat' dir='ltr'>est</span> <span class='ocrx_word' id='word_1_30' title='bbox 237 832 392 912; x_wconf 86' lang='lat' dir='ltr'>ephebus:</span> <span class='ocrx_word' id='word_1_31' title='bbox 420 830 551 911; x_wconf 81' lang='lat' dir='ltr'>proinde</span> <span class='ocrx_word' id='word_1_32' title='bbox 574 835 614 894; x_wconf 99' lang='grc'>20</span> <span class='ocrx_word' id='word_1_33' title='bbox 636 829 702 895; x_wconf 88' lang='lat' dir='ltr'>fere</span> <span class='ocrx_word' id='word_1_34' title='bbox 724 846 836 908; x_wconf 85' lang='lat' dir='ltr'>annos,</span> <span class='ocrx_word' id='word_1_35' title='bbox 865 827 897 890; x_wconf 96' lang='lat' dir='ltr'>id</span> <span class='ocrx_word' id='word_1_36' title='bbox 919 825 1003 906; x_wconf 91' lang='lat' dir='ltr'>quod</span> <span class='ocrx_word' id='word_1_37' title='bbox 1026 826 1188 889; x_wconf 92' lang='lat' dir='ltr'>minimum</span> <span class='ocrx_word' id='word_1_38' title='bbox 1210 829 1272 904; x_wconf 88' lang='lat' dir='ltr'>est,</span> <span class='ocrx_word' id='word_1_39' title='bbox 1300 823 1395 888; x_wconf 90' lang='lat' dir='ltr'>inter·</span> 
     </span>
     <span class='ocr_line' id='line_1_5' title="bbox 164 935 1488 1024; baseline -0.008 -15"><span class='ocrx_word' id='word_1_40' title='bbox 164 944 265 1010; x_wconf 90' lang='lat' dir='ltr'>iectos</span> <span class='ocrx_word' id='word_1_41' title='bbox 294 961 364 1009; x_wconf 91' lang='lat' dir='ltr'>esse</span> <span class='ocrx_word' id='word_1_42' title='bbox 393 947 527 1024; x_wconf 91' lang='lat' dir='ltr'>oportet.</span> <span class='ocrx_word' id='word_1_43' title='bbox 571 941 767 1007; x_wconf 90' lang='lat' dir='ltr'>Adducimur</span> <span class='ocrx_word' id='word_1_44' title='bbox 789 958 864 1021; x_wconf 83' lang='lat' dir='ltr'>ergo</span> <span class='ocrx_word' id='word_1_45' title='bbox 887 939 959 1005; x_wconf 88' lang='lat' dir='ltr'>ciro.</span> <span class='ocrx_word' id='word_1_46' title='bbox 979 937 1010 1003; x_wconf 94' lang='lat' dir='ltr'>in</span> <span class='ocrx_word' id='word_1_47' title='bbox 1026 955 1053 1001; x_wconf 92' lang='lat' dir='ltr'>a.</span> <span class='ocrx_word' id='word_1_48' title='bbox 1069 940 1131 1000; x_wconf 82' lang='lat'>250</span> <span class='ocrx_word' id='word_1_49' title='bbox 1153 956 1183 1020; x_wconf 90' lang='lat' dir='ltr'>p.</span> <span class='ocrx_word' id='word_1_50' title='bbox 1200 935 1287 1015; x_wconf 87' lang='lat' dir='ltr'>Chr.;</span> <span class='ocrx_word' id='word_1_51' title='bbox 1311 935 1395 1016; x_wconf 86' lang='lat' dir='ltr'>quod</span> <span class='ocrx_word' id='word_1_52' title='bbox 1486 1020 1488 1023; x_wconf 15' lang='grc' dir='ltr'>Ι</span> 
     </span>
    </p>
   </div>
   <div class='ocr_carea' id='block_1_3' title="bbox 164 1045 1396 1230">
    <p class='ocr_par' dir='ltr' id='par_1_3' title="bbox 164 1045 1396 1230">
     <span class='ocr_line' id='line_1_6' title="bbox 164 1045 1396 1136; baseline -0.008 -16"><span class='ocrx_word' id='word_1_53' title='bbox 164 1054 312 1136; x_wconf 82' lang='lat' dir='ltr'>congruit</span> <span class='ocrx_word' id='word_1_54' title='bbox 337 1072 407 1118; x_wconf 91' lang='lat' dir='ltr'>cum</span> <span class='ocrx_word' id='word_1_55' title='bbox 431 1054 476 1118; x_wconf 91' lang='lat' dir='ltr'>eis</span> <span class='ocrx_word' id='word_1_56' title='bbox 498 1070 579 1132; x_wconf 90' lang='lat' dir='ltr'>quae</span> <span class='ocrx_word' id='word_1_57' title='bbox 602 1070 697 1134; x_wconf 88' lang='lat' dir='ltr'>supra</span> <span class='ocrx_word' id='word_1_58' title='bbox 719 1052 758 1117; x_wconf 94' lang='lat' dir='ltr'>de</span> <span class='ocrx_word' id='word_1_59' title='bbox 781 1050 926 1115; x_wconf 82' lang='lat' dir='ltr'>Cratonis</span> <span class='ocrx_word' id='word_1_60' title='bbox 948 1048 1151 1130; x_wconf 80' lang='lat' dir='ltr'>paedotribae</span> <span class='ocrx_word' id='word_1_61' title='bbox 1181 1051 1287 1112; x_wconf 90' lang='lat' dir='ltr'>aetate</span> <span class='ocrx_word' id='word_1_62' title='bbox 1317 1045 1396 1111; x_wconf 85' lang='lat' dir='ltr'>dixi·</span> 
     </span>
     <span class='ocr_line' id='line_1_7' title="bbox 164 1158 1396 1230; baseline -0.006 -1"><span class='ocrx_word' id='word_1_63' title='bbox 164 1183 245 1230; x_wconf 88' lang='lat' dir='ltr'>mus.</span> <span class='ocrx_word' id='word_1_64' title='bbox 290 1164 468 1229; x_wconf 87' lang='lat' dir='ltr'>Videndum</span> <span class='ocrx_word' id='word_1_65' title='bbox 490 1164 552 1227; x_wconf 90' lang='lat' dir='ltr'>iam</span> <span class='ocrx_word' id='word_1_66' title='bbox 575 1167 624 1228; x_wconf 91' lang='lat' dir='ltr'>est</span> <span class='ocrx_word' id='word_1_67' title='bbox 646 1162 686 1227; x_wconf 92' lang='lat' dir='ltr'>de</span> <span class='ocrx_word' id='word_1_68' title='bbox 707 1160 950 1226; x_wconf 90' lang='lat' dir='ltr'>Panathenaide.</span> <span class='ocrx_word' id='word_1_69' title='bbox 994 1158 1127 1224; x_wconf 83' lang='lat' dir='ltr'>Constat</span> <span class='ocrx_word' id='word_1_70' title='bbox 1148 1159 1305 1224; x_wconf 90' lang='lat' dir='ltr'>celebrata</span> <span class='ocrx_word' id='word_1_71' title='bbox 1326 1174 1396 1222; x_wconf 90' lang='lat' dir='ltr'>esse</span> 
     </span>
    </p>
   </div>
   <div class='ocr_carea' id='block_1_4' title="bbox 164 1267 1395 1597">
    <p class='ocr_par' dir='ltr' id='par_1_4' title="bbox 164 1267 1395 1597">
     <span class='ocr_line' id='line_1_8' title="bbox 169 1267 1395 1356; baseline -0.006 -16"><span class='ocrx_word' id='word_1_72' title='bbox 169 1275 392 1340; x_wconf 89' lang='lat' dir='ltr'>Panathenaea</span> <span class='ocrx_word' id='word_1_73' title='bbox 408 1279 520 1356; x_wconf 90' lang='lat' dir='ltr'>quarto</span> <span class='ocrx_word' id='word_1_74' title='bbox 536 1291 660 1356; x_wconf 89' lang='lat' dir='ltr'>quoque</span> <span class='ocrx_word' id='word_1_75' title='bbox 675 1292 757 1340; x_wconf 90' lang='lat' dir='ltr'>anno</span> <span class='ocrx_word' id='word_1_76' title='bbox 780 1280 812 1338; x_wconf 89' lang='lat' dir='ltr'>et</span> <span class='ocrx_word' id='word_1_77' title='bbox 833 1273 959 1352; x_wconf 89' lang='lat' dir='ltr'>quidem</span> <span class='ocrx_word' id='word_1_78' title='bbox 974 1269 1067 1336; x_wconf 90' lang='lat' dir='ltr'>tertio</span> <span class='ocrx_word' id='word_1_79' title='bbox 1083 1287 1206 1352; x_wconf 88' lang='lat' dir='ltr'>quoque</span> <span class='ocrx_word' id='word_1_80' title='bbox 1222 1267 1395 1350; x_wconf 85' lang='lat' dir='ltr'>Olympiad.</span> 
     </span>
     <span class='ocr_line' id='line_1_9' title="bbox 164 1362 1393 1500; baseline -0.004 -39"><span class='ocrx_word' id='word_1_81' title='bbox 164 1414 254 1462; x_wconf 88' lang='grc'><strong>6666.</strong></span> <span class='ocrx_word' id='word_1_82' title='bbox 287 1395 432 1477; x_wconf 80' lang='lat' dir='ltr'>Cumque</span> <span class='ocrx_word' id='word_1_83' title='bbox 454 1412 556 1460; x_wconf 90' lang='lat' dir='ltr'>annus</span> <span class='ocrx_word' id='word_1_84' title='bbox 573 1362 640 1500; x_wconf 45' lang='grc' dir='ltr'>ἐξ,</span> <span class='ocrx_word' id='word_1_85' title='bbox 655 1395 708 1476; x_wconf 86' lang='lat' dir='ltr'>qui</span> <span class='ocrx_word' id='word_1_86' title='bbox 716 1394 756 1459; x_wconf 90' lang='lat' dir='ltr'>ab</span> <span class='ocrx_word' id='word_1_87' title='bbox 769 1412 796 1457; x_wconf 90' lang='grc'>6.</span> <span class='ocrx_word' id='word_1_88' title='bbox 810 1397 872 1457; x_wconf 84' lang='grc'>250</span> <span class='ocrx_word' id='word_1_89' title='bbox 883 1392 1021 1474; x_wconf 86' lang='lat' dir='ltr'>proxime</span> <span class='ocrx_word' id='word_1_90' title='bbox 1033 1392 1132 1465; x_wconf 90' lang='lat' dir='ltr'>abest,</span> <span class='ocrx_word' id='word_1_91' title='bbox 1145 1391 1258 1456; x_wconf 87' lang='lat' dir='ltr'>tertius</span> <span class='ocrx_word' id='word_1_92' title='bbox 1268 1393 1343 1468; x_wconf 82' lang='grc'><strong>(256</strong></span> <span class='ocrx_word' id='word_1_93' title='bbox 1352 1394 1393 1466; x_wconf 67' lang='lat'>20.)</span> 
     </span>
     <span class='ocr_line' id='line_1_10' title="bbox 166 1510 1395 1597; baseline -0.003 -17"><span class='ocrx_word' id='word_1_94' title='bbox 166 1514 360 1597; x_wconf 87' lang='lat' dir='ltr'>Olympiadis</span> <span class='ocrx_word' id='word_1_95' title='bbox 383 1515 424 1580; x_wconf 92' lang='lat' dir='ltr'>sit</span> <span class='ocrx_word' id='word_1_96' title='bbox 438 1533 549 1594; x_wconf 85' lang='grc'><strong>66666,</strong></span> <span class='ocrx_word' id='word_1_97' title='bbox 571 1515 691 1596; x_wconf 87' lang='lat' dir='ltr'>primus</span> <span class='ocrx_word' id='word_1_98' title='bbox 715 1518 790 1581; x_wconf 58' lang='lat'>35²2</span> <span class='ocrx_word' id='word_1_99' title='bbox 811 1512 1053 1578; x_wconf 85' lang='lat' dir='ltr'>Panatheualdis</span> <span class='ocrx_word' id='word_1_100' title='bbox 1076 1530 1176 1577; x_wconf 90' lang='lat' dir='ltr'>annus</span> <span class='ocrx_word' id='word_1_101' title='bbox 1198 1511 1331 1578; x_wconf 90' lang='lat' dir='ltr'>fortasse</span> <span class='ocrx_word' id='word_1_102' title='bbox 1353 1510 1395 1576; x_wconf 91' lang='lat' dir='ltr'>ad</span> 
     </span>
    </p>
   </div>
   <div class='ocr_carea' id='block_1_5' title="bbox 166 1602 1396 1740">
    <p class='ocr_par' dir='ltr' id='par_1_5' title="bbox 166 1602 1396 1740">
     <span class='ocr_line' id='line_1_11' title="bbox 166 1602 1396 1740; baseline -0.003 -39"><span class='ocrx_word' id='word_1_103' title='bbox 166 1653 193 1701; x_wconf 93' lang='lat' dir='ltr'>a.</span> <span class='ocrx_word' id='word_1_104' title='bbox 217 1602 271 1740; x_wconf 52' lang='lat' dir='ltr'>{g</span> <span class='ocrx_word' id='word_1_105' title='bbox 293 1639 342 1701; x_wconf 89' lang='lat' dir='ltr'>est</span> <span class='ocrx_word' id='word_1_106' title='bbox 374 1634 578 1701; x_wconf 89' lang='lat' dir='ltr'>revocandus.</span> <span class='ocrx_word' id='word_1_107' title='bbox 626 1634 745 1712; x_wconf 85' lang='lat' dir='ltr'>Quodsi</span> <span class='ocrx_word' id='word_1_108' title='bbox 772 1604 812 1697; x_wconf 72' lang='grc'>65</span> <span class='ocrx_word' id='word_1_109' title='bbox 837 1632 1087 1699; x_wconf 89' lang='lat' dir='ltr'>Panathenaides</span> <span class='ocrx_word' id='word_1_110' title='bbox 1118 1634 1291 1698; x_wconf 86' lang='lat' dir='ltr'>retrorsum</span> <span class='ocrx_word' id='word_1_111' title='bbox 1326 1649 1396 1697; x_wconf 91' lang='grc'><strong>666-</strong></span> 
     </span>
    </p>
   </div>
   <div class='ocr_carea' id='block_1_6' title="bbox 166 1721 1396 1859">
    <p class='ocr_par' dir='ltr' id='par_1_6' title="bbox 166 1721 1396 1859">
     <span class='ocr_line' id='line_1_12' title="bbox 166 1721 1396 1859; baseline -0.002 -39"><span class='ocrx_word' id='word_1_112' title='bbox 166 1756 390 1837; x_wconf 89' lang='lat' dir='ltr'>putaverimus‚</span> <span class='ocrx_word' id='word_1_113' title='bbox 406 1755 596 1820; x_wconf 87' lang='lat' dir='ltr'>deducemur</span> <span class='ocrx_word' id='word_1_114' title='bbox 618 1754 649 1818; x_wconf 94' lang='lat' dir='ltr'>in</span> <span class='ocrx_word' id='word_1_115' title='bbox 664 1721 757 1859; x_wconf 51' lang='lat' dir='ltr'>affl</span> <span class='ocrx_word' id='word_1_116' title='bbox 778 1753 828 1819; x_wconf 88' lang='lat' dir='ltr'>uel</span> <span class='ocrx_word' id='word_1_117' title='bbox 849 1753 883 1817; x_wconf 93' lang='lat' dir='ltr'>in</span> <span class='ocrx_word' id='word_1_118' title='bbox 906 1752 1027 1834; x_wconf 87' lang='lat' dir='ltr'>Olymp.</span> <span class='ocrx_word' id='word_1_119' title='bbox 1050 1756 1121 1831; x_wconf 83' lang='lat'><strong>222,</strong></span> <span class='ocrx_word' id='word_1_120' title='bbox 1147 1756 1176 1817; x_wconf 88' lang='grc'>3.</span> <span class='ocrx_word' id='word_1_121' title='bbox 1220 1752 1289 1817; x_wconf 94' lang='lat' dir='ltr'>Iam</span> <span class='ocrx_word' id='word_1_122' title='bbox 1310 1755 1396 1817; x_wconf 89' lang='lat' dir='ltr'>recte</span> 
     </span>
    </p>
   </div>
   <div class='ocr_carea' id='block_1_7' title="bbox 165 1870 1397 2068">
    <p class='ocr_par' dir='ltr' id='par_1_7' title="bbox 165 1870 1397 2068">
     <span class='ocr_line' id='line_1_13' title="bbox 165 1870 1397 1958; baseline -0.002 -18"><span class='ocrx_word' id='word_1_123' title='bbox 165 1894 222 1940; x_wconf 91' lang='lat' dir='ltr'>nos</span> <span class='ocrx_word' id='word_1_124' title='bbox 245 1880 432 1958; x_wconf 86' lang='lat' dir='ltr'>conputasse</span> <span class='ocrx_word' id='word_1_125' title='bbox 455 1873 504 1940; x_wconf 85' lang='lat' dir='ltr'>vel</span> <span class='ocrx_word' id='word_1_126' title='bbox 526 1893 593 1940; x_wconf 89' lang='lat' dir='ltr'>rem</span> <span class='ocrx_word' id='word_1_127' title='bbox 611 1874 772 1956; x_wconf 87' lang='lat' dir='ltr'>expedisse</span> <span class='ocrx_word' id='word_1_128' title='bbox 786 1892 887 1956; x_wconf 91' lang='lat' dir='ltr'>paene</span> <span class='ocrx_word' id='word_1_129' title='bbox 901 1890 1087 1956; x_wconf 89' lang='lat' dir='ltr'>persuasum</span> <span class='ocrx_word' id='word_1_130' title='bbox 1101 1872 1260 1938; x_wconf 83' lang='lat' dir='ltr'>habemus.</span> <span class='ocrx_word' id='word_1_131' title='bbox 1293 1870 1397 1937; x_wconf 81' lang='lat' dir='ltr'>Causa</span> 
     </span>
     <span class='ocr_line' id='line_1_14' title="bbox 168 1982 1395 2068; baseline -0.002 -17"><span class='ocrx_word' id='word_1_132' title='bbox 168 1987 301 2052; x_wconf 91' lang='lat' dir='ltr'>enimsi</span> <span class='ocrx_word' id='word_1_133' title='bbox 330 1987 492 2068; x_wconf 88' lang='lat' dir='ltr'>quaeritur</span> <span class='ocrx_word' id='word_1_134' title='bbox 522 2004 578 2051; x_wconf 91' lang='lat' dir='ltr'>cur</span> <span class='ocrx_word' id='word_1_135' title='bbox 604 2002 642 2050; x_wconf 91' lang='lat' dir='ltr'>eo</span> <span class='ocrx_word' id='word_1_136' title='bbox 664 1985 732 2065; x_wconf 91' lang='lat' dir='ltr'>ipso</span> <span class='ocrx_word' id='word_1_137' title='bbox 763 2004 844 2050; x_wconf 91' lang='lat' dir='ltr'>anno</span> <span class='ocrx_word' id='word_1_138' title='bbox 872 2002 939 2050; x_wconf 92' lang='lat' dir='ltr'>mos</span> <span class='ocrx_word' id='word_1_139' title='bbox 968 1983 1053 2063; x_wconf 93' lang='lat' dir='ltr'>apud</span> <span class='ocrx_word' id='word_1_140' title='bbox 1076 1982 1282 2049; x_wconf 81' lang='lat' dir='ltr'>Athenienses</span> <span class='ocrx_word' id='word_1_141' title='bbox 1311 1983 1395 2049; x_wconf 87' lang='lat' dir='ltr'>inva-</span> 
     </span>
    </p>
   </div>
   <div class='ocr_carea' id='block_1_8' title="bbox 168 2071 1396 2210">
    <p class='ocr_par' dir='ltr' id='par_1_8' title="bbox 168 2071 1396 2210">
     <span class='ocr_line' id='line_1_15' title="bbox 168 2071 1396 2210; baseline 0.001 -42"><span class='ocrx_word' id='word_1_142' title='bbox 168 2105 265 2172; x_wconf 88' lang='lat' dir='ltr'>luerit</span> <span class='ocrx_word' id='word_1_143' title='bbox 291 2107 481 2190; x_wconf 86' lang='lat' dir='ltr'>conputandi</span> <span class='ocrx_word' id='word_1_144' title='bbox 503 2126 542 2172; x_wconf 85' lang='lat' dir='ltr'>ex</span> <span class='ocrx_word' id='word_1_145' title='bbox 562 2104 859 2185; x_wconf 90' lang='lat' dir='ltr'>Panathenaidibus,</span> <span class='ocrx_word' id='word_1_146' title='bbox 886 2071 989 2210; x_wconf 54' lang='lat' dir='ltr'>affl</span> <span class='ocrx_word' id='word_1_147' title='bbox 1026 2103 1220 2169; x_wconf 86' lang='lat' dir='ltr'>Hadrianum</span> <span class='ocrx_word' id='word_1_148' title='bbox 1263 2102 1396 2170; x_wconf 85' lang='lat' dir='ltr'>Athenis</span> 
     </span>
    </p>
   </div>
   <div class='ocr_carea' id='block_1_9' title="bbox 164 2223 1398 4652">
    <p class='ocr_par' dir='ltr' id='par_1_9' title="bbox 164 2223 1398 3414">
     <span class='ocr_line' id='line_1_16' title="bbox 166 2223 1397 2308; baseline -0.002 -17"><span class='ocrx_word' id='word_1_149' title='bbox 166 2226 348 2291; x_wconf 92' lang='lat' dir='ltr'>archontem</span> <span class='ocrx_word' id='word_1_150' title='bbox 372 2245 558 2308; x_wconf 84' lang='lat' dir='ltr'>eponymum</span> <span class='ocrx_word' id='word_1_151' title='bbox 579 2224 676 2290; x_wconf 90' lang='lat' dir='ltr'>fuisse</span> <span class='ocrx_word' id='word_1_152' title='bbox 704 2225 836 2304; x_wconf 87' lang='lat' dir='ltr'>scimus,</span> <span class='ocrx_word' id='word_1_153' title='bbox 867 2224 956 2290; x_wconf 87' lang='lat' dir='ltr'>cuius</span> <span class='ocrx_word' id='word_1_154' title='bbox 985 2223 1205 2304; x_wconf 89' lang='lat' dir='ltr'>inhonorem,</span> <span class='ocrx_word' id='word_1_155' title='bbox 1236 2228 1273 2288; x_wconf 93' lang='lat' dir='ltr'>ut</span> <span class='ocrx_word' id='word_1_156' title='bbox 1301 2241 1397 2304; x_wconf 89' lang='lat' dir='ltr'>supra</span> 
     </span>
     <span class='ocr_line' id='line_1_17' title="bbox 166 2336 1396 2420; baseline 0.002 -20"><span class='ocrx_word' id='word_1_157' title='bbox 166 2337 230 2402; x_wconf 94' lang='lat' dir='ltr'>iam</span> <span class='ocrx_word' id='word_1_158' title='bbox 254 2337 537 2404; x_wconf 85' lang='lat' dir='ltr'>demonstravimus</span> <span class='ocrx_word' id='word_1_159' title='bbox 560 2343 644 2420; x_wconf 81' lang='lat' dir='ltr'>(pag.</span> <span class='ocrx_word' id='word_1_160' title='bbox 669 2343 711 2418; x_wconf 85' lang='lat'>5),</span> <span class='ocrx_word' id='word_1_161' title='bbox 734 2338 774 2403; x_wconf 91' lang='lat' dir='ltr'>ab</span> <span class='ocrx_word' id='word_1_162' title='bbox 795 2336 854 2403; x_wconf 89' lang='grc'>666</span> <span class='ocrx_word' id='word_1_163' title='bbox 875 2337 944 2418; x_wconf 93' lang='lat' dir='ltr'>ipso</span> <span class='ocrx_word' id='word_1_164' title='bbox 964 2354 1045 2402; x_wconf 89' lang='grc'><strong>6666</strong></span> <span class='ocrx_word' id='word_1_165' title='bbox 1064 2354 1146 2401; x_wconf 87' lang='lat' dir='ltr'>nova</span> <span class='ocrx_word' id='word_1_166' title='bbox 1167 2354 1320 2402; x_wconf 89' lang='lat' dir='ltr'>annorum</span> <span class='ocrx_word' id='word_1_167' title='bbox 1341 2354 1396 2402; x_wconf 88' lang='lat' dir='ltr'>nu-</span> 
     </span>
     <span class='ocr_line' id='line_1_18' title="bbox 166 2447 1397 2531; baseline 0.002 -18"><span class='ocrx_word' id='word_1_168' title='bbox 166 2449 388 2515; x_wconf 90' lang='lat' dir='ltr'>merandorum</span> <span class='ocrx_word' id='word_1_169' title='bbox 417 2449 498 2514; x_wconf 91' lang='lat' dir='ltr'>ratio</span> <span class='ocrx_word' id='word_1_170' title='bbox 520 2450 570 2515; x_wconf 89' lang='lat' dir='ltr'>vel</span> <span class='ocrx_word' id='word_1_171' title='bbox 599 2449 718 2531; x_wconf 86' lang='lat' dir='ltr'>epocha</span> <span class='ocrx_word' id='word_1_172' title='bbox 739 2449 871 2514; x_wconf 86' lang='lat' dir='ltr'>Athenis</span> <span class='ocrx_word' id='word_1_173' title='bbox 901 2449 1028 2530; x_wconf 85' lang='lat' dir='ltr'>incepta</span> <span class='ocrx_word' id='word_1_174' title='bbox 1056 2453 1113 2515; x_wconf 91' lang='lat' dir='ltr'>est.</span> <span class='ocrx_word' id='word_1_175' title='bbox 1161 2448 1322 2514; x_wconf 89' lang='lat' dir='ltr'>Habemus</span> <span class='ocrx_word' id='word_1_176' title='bbox 1347 2447 1397 2515; x_wconf 88' lang='lat' dir='ltr'>hio</span> 
     </span>
     <span class='ocr_line' id='line_1_19' title="bbox 168 2556 1397 2643; baseline 0 -20"><span class='ocrx_word' id='word_1_177' title='bbox 168 2556 304 2624; x_wconf 89' lang='lat' dir='ltr'>alterum</span> <span class='ocrx_word' id='word_1_178' title='bbox 328 2558 510 2643; x_wconf 84' lang='lat' dir='ltr'>exemplum.</span> <span class='ocrx_word' id='word_1_179' title='bbox 556 2560 630 2625; x_wconf 88' lang='lat' dir='ltr'>Veri</span> <span class='ocrx_word' id='word_1_180' title='bbox 653 2559 754 2624; x_wconf 91' lang='lat' dir='ltr'>simile</span> <span class='ocrx_word' id='word_1_181' title='bbox 777 2562 826 2624; x_wconf 91' lang='lat' dir='ltr'>est</span> <span class='ocrx_word' id='word_1_182' title='bbox 848 2558 1044 2625; x_wconf 84' lang='lat' dir='ltr'>Hadrianum</span> <span class='ocrx_word' id='word_1_183' title='bbox 1067 2577 1104 2624; x_wconf 92' lang='lat' dir='ltr'>eo</span> <span class='ocrx_word' id='word_1_184' title='bbox 1126 2576 1208 2624; x_wconf 91' lang='lat' dir='ltr'>anno</span> <span class='ocrx_word' id='word_1_185' title='bbox 1238 2557 1397 2624; x_wconf 88' lang='lat' dir='ltr'>archontis</span> 
     </span>
     <span class='ocr_line' id='line_1_20' title="bbox 164 2668 1398 2752; baseline 0 -18"><span class='ocrx_word' id='word_1_186' title='bbox 164 2688 295 2735; x_wconf 92' lang='lat' dir='ltr'>munere</span> <span class='ocrx_word' id='word_1_187' title='bbox 321 2670 502 2752; x_wconf 84' lang='lat' dir='ltr'>fungentem</span> <span class='ocrx_word' id='word_1_188' title='bbox 533 2671 579 2736; x_wconf 94' lang='lat' dir='ltr'>uti</span> <span class='ocrx_word' id='word_1_189' title='bbox 609 2670 671 2736; x_wconf 86' lang='lat' dir='ltr'>alia</span> <span class='ocrx_word' id='word_1_190' title='bbox 702 2689 824 2736; x_wconf 89' lang='lat' dir='ltr'>summa</span> <span class='ocrx_word' id='word_1_191' title='bbox 856 2668 1007 2736; x_wconf 90' lang='lat' dir='ltr'>beneficia</span> <span class='ocrx_word' id='word_1_192' title='bbox 1034 2669 1067 2734; x_wconf 93' lang='lat' dir='ltr'>in</span> <span class='ocrx_word' id='word_1_193' title='bbox 1090 2669 1296 2735; x_wconf 87' lang='lat' dir='ltr'>Athenienses</span> <span class='ocrx_word' id='word_1_194' title='bbox 1325 2686 1398 2734; x_wconf 90' lang='lat' dir='ltr'>con·</span> 
     </span>
     <span class='ocr_line' id='line_1_21' title="bbox 165 2775 1397 2864; baseline 0 -19"><span class='ocrx_word' id='word_1_195' title='bbox 165 2780 275 2846; x_wconf 91' lang='lat' dir='ltr'>tulerit</span> <span class='ocrx_word' id='word_1_196' title='bbox 296 2781 343 2846; x_wconf 87' lang='lat' dir='ltr'>ita</span> <span class='ocrx_word' id='word_1_197' title='bbox 366 2781 483 2864; x_wconf 83' lang='lat' dir='ltr'>Magna</span> <span class='ocrx_word' id='word_1_198' title='bbox 504 2782 727 2847; x_wconf 89' lang='lat' dir='ltr'>Panathenaea</span> <span class='ocrx_word' id='word_1_199' title='bbox 749 2787 836 2847; x_wconf 90' lang='lat' dir='ltr'>certa</span> <span class='ocrx_word' id='word_1_200' title='bbox 857 2782 961 2847; x_wconf 89' lang='lat' dir='ltr'>neseio</span> <span class='ocrx_word' id='word_1_201' title='bbox 983 2775 1046 2864; x_wconf 81' lang='lat' dir='ltr'>qua</span> <span class='ocrx_word' id='word_1_202' title='bbox 1067 2781 1187 2845; x_wconf 89' lang='lat' dir='ltr'>ratione</span> <span class='ocrx_word' id='word_1_203' title='bbox 1202 2798 1282 2846; x_wconf 84' lang='lat' dir='ltr'>novo</span> <span class='ocrx_word' id='word_1_204' title='bbox 1297 2780 1397 2861; x_wconf 91' lang='lat' dir='ltr'>splen-</span> 
     </span>
     <span class='ocr_line' id='line_1_22' title="bbox 165 2891 1396 2974; baseline 0 -19"><span class='ocrx_word' id='word_1_205' title='bbox 165 2891 241 2956; x_wconf 90' lang='lat' dir='ltr'>dore</span> <span class='ocrx_word' id='word_1_206' title='bbox 263 2910 442 2958; x_wconf 85' lang='lat' dir='ltr'>exornasse.</span> <span class='ocrx_word' id='word_1_207' title='bbox 486 2892 564 2973; x_wconf 82' lang='lat' dir='ltr'>Ego,</span> <span class='ocrx_word' id='word_1_208' title='bbox 587 2897 623 2957; x_wconf 94' lang='lat' dir='ltr'>ut</span> <span class='ocrx_word' id='word_1_209' title='bbox 644 2892 717 2972; x_wconf 81' lang='lat' dir='ltr'>dixi,</span> <span class='ocrx_word' id='word_1_210' title='bbox 739 2892 799 2957; x_wconf 92' lang='lat' dir='ltr'>hac</span> <span class='ocrx_word' id='word_1_211' title='bbox 822 2892 860 2957; x_wconf 95' lang='lat' dir='ltr'>de</span> <span class='ocrx_word' id='word_1_212' title='bbox 883 2912 917 2958; x_wconf 92' lang='lat' dir='ltr'>re</span> <span class='ocrx_word' id='word_1_213' title='bbox 940 2910 1001 2957; x_wconf 91' lang='lat' dir='ltr'>non</span> <span class='ocrx_word' id='word_1_214' title='bbox 1017 2891 1235 2970; x_wconf 80' lang='lat' dir='ltr'>dubitaverim,</span> <span class='ocrx_word' id='word_1_215' title='bbox 1256 2910 1396 2974; x_wconf 90' lang='lat' dir='ltr'>praeser-</span> 
     </span>
     <span class='ocr_line' id='line_1_23' title="bbox 165 3001 1396 3085; baseline 0.002 -20"><span class='ocrx_word' id='word_1_216' title='bbox 165 3001 222 3066; x_wconf 88' lang='lat' dir='ltr'>tim</span> <span class='ocrx_word' id='word_1_217' title='bbox 243 3020 316 3066; x_wconf 93' lang='lat' dir='ltr'>cum</span> <span class='ocrx_word' id='word_1_218' title='bbox 338 3003 391 3067; x_wconf 83' lang='lat' dir='ltr'>vix</span> <span class='ocrx_word' id='word_1_219' title='bbox 412 3002 474 3067; x_wconf 88' lang='lat' dir='ltr'>alia</span> <span class='ocrx_word' id='word_1_220' title='bbox 495 3004 595 3085; x_wconf 86' lang='lat' dir='ltr'>possit</span> <span class='ocrx_word' id='word_1_221' title='bbox 618 3004 801 3085; x_wconf 82' lang='lat' dir='ltr'>investigari</span> <span class='ocrx_word' id='word_1_222' title='bbox 823 3022 919 3068; x_wconf 91' lang='lat' dir='ltr'>causa</span> <span class='ocrx_word' id='word_1_223' title='bbox 940 3003 1025 3069; x_wconf 91' lang='lat' dir='ltr'>illius</span> <span class='ocrx_word' id='word_1_224' title='bbox 1043 3002 1283 3085; x_wconf 89' lang='lat' dir='ltr'>conputationis.</span> <span class='ocrx_word' id='word_1_225' title='bbox 1318 3002 1396 3069; x_wconf 69' lang='lat' dir='ltr'>Cen!</span> 
     </span>
     <span class='ocr_line' id='line_1_24' title="bbox 166 3112 1395 3193; baseline 0.003 -17"><span class='ocrx_word' id='word_1_226' title='bbox 166 3129 218 3177; x_wconf 90' lang='lat' dir='ltr'>seo</span> <span class='ocrx_word' id='word_1_227' title='bbox 243 3132 319 3193; x_wconf 83' lang='lat' dir='ltr'>ergo</span> <span class='ocrx_word' id='word_1_228' title='bbox 341 3112 389 3176; x_wconf 87' lang='lat' dir='ltr'>Fl.</span> <span class='ocrx_word' id='word_1_229' title='bbox 412 3113 640 3179; x_wconf 90' lang='lat' dir='ltr'>Philostratum</span> <span class='ocrx_word' id='word_1_230' title='bbox 663 3113 847 3180; x_wconf 83' lang='lat' dir='ltr'>Stiriensem</span> <span class='ocrx_word' id='word_1_231' title='bbox 867 3113 1050 3179; x_wconf 54' lang='lat' dir='ltr'>¹archontem</span> <span class='ocrx_word' id='word_1_232' title='bbox 1072 3112 1170 3179; x_wconf 85' lang='lat' dir='ltr'>fuisse</span> <span class='ocrx_word' id='word_1_233' title='bbox 1191 3114 1276 3178; x_wconf 91' lang='lat' dir='ltr'>intra</span> <span class='ocrx_word' id='word_1_234' title='bbox 1297 3132 1395 3180; x_wconf 90' lang='lat' dir='ltr'>annos</span> 
     </span>
     <span class='ocr_line' id='line_1_25' title="bbox 165 3223 1393 3305; baseline -0.001 -17"><span class='ocrx_word' id='word_1_235' title='bbox 165 3225 346 3288; x_wconf 80' lang='grc'>247-250.</span> <span class='ocrx_word' id='word_1_236' title='bbox 385 3224 570 3305; x_wconf 82' lang='lat' dir='ltr'>Ignoramus</span> <span class='ocrx_word' id='word_1_237' title='bbox 594 3225 675 3290; x_wconf 90' lang='lat' dir='ltr'>enim</span> <span class='ocrx_word' id='word_1_238' title='bbox 697 3225 730 3289; x_wconf 91' lang='lat' dir='ltr'>in</span> <span class='ocrx_word' id='word_1_239' title='bbox 752 3241 814 3305; x_wconf 88' lang='lat' dir='ltr'>quo</span> <span class='ocrx_word' id='word_1_240' title='bbox 837 3229 923 3290; x_wconf 87' lang='lat' dir='ltr'>certo</span> <span class='ocrx_word' id='word_1_241' title='bbox 947 3230 1022 3294; x_wconf 63' lang='lat'>3520</span> <span class='ocrx_word' id='word_1_242' title='bbox 1044 3223 1289 3291; x_wconf 86' lang='lat' dir='ltr'>Panathenaidis</span> <span class='ocrx_word' id='word_1_243' title='bbox 1311 3241 1393 3288; x_wconf 90' lang='lat' dir='ltr'>anno</span> 
     </span>
     <span class='ocr_line' id='line_1_26' title="bbox 165 3334 404 3414; baseline -0.004 -15"><span class='ocrx_word' id='word_1_244' title='bbox 165 3334 331 3414; x_wconf 92' lang='lat' dir='ltr'>ponendus</span> <span class='ocrx_word' id='word_1_245' title='bbox 354 3335 404 3399; x_wconf 90' lang='lat' dir='ltr'>sit.</span> 
     </span>
    </p>

    <p class='ocr_par' dir='ltr' id='par_1_10' title="bbox 165 3445 1397 4652">
     <span class='ocr_line' id='line_1_27' title="bbox 252 3445 1394 3528; baseline -0.001 -16"><span class='ocrx_word' id='word_1_246' title='bbox 252 3445 395 3524; x_wconf 89' lang='lat' dir='ltr'>Denique</span> <span class='ocrx_word' id='word_1_247' title='bbox 417 3463 479 3510; x_wconf 91' lang='lat' dir='ltr'>non</span> <span class='ocrx_word' id='word_1_248' title='bbox 501 3445 644 3511; x_wconf 84' lang='lat' dir='ltr'>diversus</span> <span class='ocrx_word' id='word_1_249' title='bbox 667 3450 733 3526; x_wconf 87' lang='lat' dir='ltr'>est,</span> <span class='ocrx_word' id='word_1_250' title='bbox 762 3447 886 3528; x_wconf 79' lang='lat' dir='ltr'>opinor,</span> <span class='ocrx_word' id='word_1_251' title='bbox 914 3446 965 3513; x_wconf 89' lang='lat' dir='ltr'>hic</span> <span class='ocrx_word' id='word_1_252' title='bbox 995 3448 1112 3514; x_wconf 88' lang='lat' dir='ltr'>archon</span> <span class='ocrx_word' id='word_1_253' title='bbox 1141 3447 1181 3512; x_wconf 91' lang='lat' dir='ltr'>ab</span> <span class='ocrx_word' id='word_1_254' title='bbox 1202 3446 1394 3513; x_wconf 88' lang='lat' dir='ltr'>Philostrato</span> 
     </span>
     <span class='ocr_line' id='line_1_28' title="bbox 165 3555 1393 3639; baseline 0.001 -19"><span class='ocrx_word' id='word_1_255' title='bbox 165 3555 220 3622; x_wconf 92' lang='lat' dir='ltr'>illo</span> <span class='ocrx_word' id='word_1_256' title='bbox 243 3557 366 3621; x_wconf 91' lang='lat' dir='ltr'>iuniore</span> <span class='ocrx_word' id='word_1_257' title='bbox 388 3556 442 3636; x_wconf 91' lang='lat' dir='ltr'>qui</span> <span class='ocrx_word' id='word_1_258' title='bbox 464 3562 609 3635; x_wconf 87' lang='lat' dir='ltr'>vocatur,</span> <span class='ocrx_word' id='word_1_259' title='bbox 638 3557 803 3623; x_wconf 90' lang='lat' dir='ltr'>clarissimi</span> <span class='ocrx_word' id='word_1_260' title='bbox 829 3557 913 3622; x_wconf 88' lang='lat' dir='ltr'>illius</span> <span class='ocrx_word' id='word_1_261' title='bbox 935 3558 982 3622; x_wconf 82' lang='lat' dir='ltr'>Pl.</span> <span class='ocrx_word' id='word_1_262' title='bbox 1004 3557 1187 3624; x_wconf 89' lang='lat' dir='ltr'>Philostrati</span> <span class='ocrx_word' id='word_1_263' title='bbox 1209 3557 1242 3622; x_wconf 94' lang='grc' dir='ltr'>ΙΙ</span> <span class='ocrx_word' id='word_1_264' title='bbox 1270 3560 1393 3639; x_wconf 90' lang='lat' dir='ltr'>nepote.</span> 
     </span>
     <span class='ocr_line' id='line_1_29' title="bbox 167 3666 1395 3751; baseline 0.002 -21"><span class='ocrx_word' id='word_1_265' title='bbox 167 3666 318 3745; x_wconf 84' lang='lat' dir='ltr'>Quamvis</span> <span class='ocrx_word' id='word_1_266' title='bbox 348 3668 430 3731; x_wconf 89' lang='lat' dir='ltr'>enim</span> <span class='ocrx_word' id='word_1_267' title='bbox 453 3667 485 3731; x_wconf 93' lang='lat' dir='ltr'>in</span> <span class='ocrx_word' id='word_1_268' title='bbox 508 3667 626 3732; x_wconf 91' lang='lat' dir='ltr'>Lemno</span> <span class='ocrx_word' id='word_1_269' title='bbox 653 3668 755 3733; x_wconf 90' lang='lat' dir='ltr'>insula</span> <span class='ocrx_word' id='word_1_270' title='bbox 782 3674 907 3745; x_wconf 87' lang='lat' dir='ltr'>natum,</span> <span class='ocrx_word' id='word_1_271' title='bbox 935 3688 992 3751; x_wconf 90' lang='lat' dir='ltr'>per</span> <span class='ocrx_word' id='word_1_272' title='bbox 1019 3668 1153 3734; x_wconf 91' lang='lat' dir='ltr'>multum</span> <span class='ocrx_word' id='word_1_273' title='bbox 1179 3672 1284 3733; x_wconf 90' lang='lat' dir='ltr'>tamen</span> <span class='ocrx_word' id='word_1_274' title='bbox 1310 3667 1395 3732; x_wconf 83' lang='lat' dir='ltr'>vitae</span> 
     </span>
     <span class='ocr_line' id='line_1_30' title="bbox 166 3768 1396 3859; baseline 0 -17"><span class='ocrx_word' id='word_1_275' title='bbox 166 3783 292 3859; x_wconf 90' lang='lat' dir='ltr'>tempus</span> <span class='ocrx_word' id='word_1_276' title='bbox 314 3777 446 3842; x_wconf 89' lang='lat' dir='ltr'>Athenis</span> <span class='ocrx_word' id='word_1_277' title='bbox 469 3795 540 3842; x_wconf 92' lang='lat' dir='ltr'>enm</span> <span class='ocrx_word' id='word_1_278' title='bbox 562 3784 718 3843; x_wconf 86' lang='lat' dir='ltr'>moratum</span> <span class='ocrx_word' id='word_1_279' title='bbox 741 3796 810 3845; x_wconf 90' lang='lat' dir='ltr'>esse</span> <span class='ocrx_word' id='word_1_280' title='bbox 840 3783 971 3845; x_wconf 88' lang='lat' dir='ltr'>constat.</span> <span class='ocrx_word' id='word_1_281' title='bbox 1017 3780 1108 3844; x_wconf 91' lang='lat' dir='ltr'>Unde</span> <span class='ocrx_word' id='word_1_282' title='bbox 1137 3779 1205 3845; x_wconf 86' lang='lat' dir='ltr'>veri</span> <span class='ocrx_word' id='word_1_283' title='bbox 1230 3777 1268 3844; x_wconf 91' lang='lat' dir='ltr'>fit</span> <span class='ocrx_word' id='word_1_284' title='bbox 1294 3768 1396 3844; x_wconf 87' lang='lat' dir='ltr'>simile</span> 
     </span>
     <span class='ocr_line' id='line_1_31' title="bbox 166 3885 1396 3977; baseline 0.001 -25"><span class='ocrx_word' id='word_1_285' title='bbox 166 3885 265 3969; x_wconf 89' lang='lat' dir='ltr'>huno,</span> <span class='ocrx_word' id='word_1_286' title='bbox 288 3887 407 3969; x_wconf 88' lang='lat' dir='ltr'>pariter</span> <span class='ocrx_word' id='word_1_287' title='bbox 429 3892 525 3970; x_wconf 92' lang='lat' dir='ltr'>atque</span> <span class='ocrx_word' id='word_1_288' title='bbox 546 3890 734 3955; x_wconf 84' lang='lat' dir='ltr'>avunculum</span> <span class='ocrx_word' id='word_1_289' title='bbox 757 3889 824 3956; x_wconf 90' lang='lat' dir='ltr'>eius</span> <span class='ocrx_word' id='word_1_290' title='bbox 846 3890 1073 3957; x_wconf 90' lang='lat' dir='ltr'>Philostratum</span> <span class='ocrx_word' id='word_1_291' title='bbox 1094 3889 1128 3955; x_wconf 95' lang='lat' dir='ltr'>II</span> <span class='ocrx_word' id='word_1_292' title='bbox 1150 3885 1325 3977; x_wconf 70' lang='grc' dir='ltr'>(Ἀθηναῖος</span> <span class='ocrx_word' id='word_1_293' title='bbox 1345 3888 1396 3953; x_wconf 89' lang='lat' dir='ltr'>hic</span> 
     </span>
     <span class='ocr_line' id='line_1_32' title="bbox 167 4000 1396 4085; baseline 0 -19"><span class='ocrx_word' id='word_1_294' title='bbox 167 4005 299 4066; x_wconf 88' lang='lat' dir='ltr'>vocatur</span> <span class='ocrx_word' id='word_1_295' title='bbox 322 4019 371 4082; x_wconf 92' lang='lat' dir='ltr'>ap.</span> <span class='ocrx_word' id='word_1_296' title='bbox 387 4000 523 4066; x_wconf 88' lang='lat' dir='ltr'>Hierool.</span> <span class='ocrx_word' id='word_1_297' title='bbox 547 4006 579 4067; x_wconf 90' lang='lat' dir='ltr'>et</span> <span class='ocrx_word' id='word_1_298' title='bbox 600 4001 716 4070; x_wconf 88' lang='lat' dir='ltr'>Euseb.</span> <span class='ocrx_word' id='word_1_299' title='bbox 742 4022 772 4084; x_wconf 89' lang='lat' dir='ltr'>p.</span> <span class='ocrx_word' id='word_1_300' title='bbox 796 4008 858 4068; x_wconf 83' lang='grc'>430</span> <span class='ocrx_word' id='word_1_301' title='bbox 881 4004 929 4068; x_wconf 84' lang='grc'>66.</span> <span class='ocrx_word' id='word_1_302' title='bbox 953 4002 1034 4085; x_wconf 85' lang='lat' dir='ltr'>Ol),</span> <span class='ocrx_word' id='word_1_303' title='bbox 1057 4001 1241 4067; x_wconf 89' lang='lat' dir='ltr'>Atheniensi</span> <span class='ocrx_word' id='word_1_304' title='bbox 1269 4000 1396 4066; x_wconf 87' lang='lat' dir='ltr'>civitate</span> 
     </span>
     <span class='ocr_line' id='line_1_33' title="bbox 167 4112 1396 4194; baseline -0.001 -18"><span class='ocrx_word' id='word_1_305' title='bbox 167 4112 320 4177; x_wconf 91' lang='lat' dir='ltr'>donatum</span> <span class='ocrx_word' id='word_1_306' title='bbox 342 4130 421 4177; x_wconf 86' lang='lat' dir='ltr'>esse.</span> <span class='ocrx_word' id='word_1_307' title='bbox 460 4112 592 4190; x_wconf 86' lang='lat' dir='ltr'>Quando</span> <span class='ocrx_word' id='word_1_308' title='bbox 614 4116 720 4178; x_wconf 89' lang='lat' dir='ltr'>autem</span> <span class='ocrx_word' id='word_1_309' title='bbox 742 4112 953 4178; x_wconf 89' lang='lat' dir='ltr'>Philostratus</span> <span class='ocrx_word' id='word_1_310' title='bbox 969 4112 1019 4177; x_wconf 90' lang='grc' dir='ltr'>ΙΙΙ</span> <span class='ocrx_word' id='word_1_311' title='bbox 1040 4116 1134 4177; x_wconf 90' lang='lat' dir='ltr'>natus</span> <span class='ocrx_word' id='word_1_312' title='bbox 1149 4112 1192 4177; x_wconf 87' lang='lat' dir='ltr'>sit</span> <span class='ocrx_word' id='word_1_313' title='bbox 1206 4128 1396 4194; x_wconf 85' lang='lat' dir='ltr'>quamquam</span> 
     </span>
     <span class='ocr_line' id='line_1_34' title="bbox 167 4220 1396 4305; baseline -0.002 -18"><span class='ocrx_word' id='word_1_314' title='bbox 167 4239 232 4287; x_wconf 90' lang='grc'>666</span> <span class='ocrx_word' id='word_1_315' title='bbox 254 4227 303 4286; x_wconf 89' lang='lat' dir='ltr'>est</span> <span class='ocrx_word' id='word_1_316' title='bbox 325 4220 499 4302; x_wconf 89' lang='lat' dir='ltr'>proditum,</span> <span class='ocrx_word' id='word_1_317' title='bbox 529 4222 602 4287; x_wconf 90' lang='lat' dir='ltr'>inde</span> <span class='ocrx_word' id='word_1_318' title='bbox 631 4226 737 4288; x_wconf 89' lang='lat' dir='ltr'>tamen</span> <span class='ocrx_word' id='word_1_319' title='bbox 765 4221 845 4289; x_wconf 87' lang='lat' dir='ltr'>effici</span> <span class='ocrx_word' id='word_1_320' title='bbox 874 4227 979 4305; x_wconf 90' lang='lat' dir='ltr'>potest</span> <span class='ocrx_word' id='word_1_321' title='bbox 1005 4223 1088 4305; x_wconf 89' lang='lat' dir='ltr'>quod</span> <span class='ocrx_word' id='word_1_322' title='bbox 1119 4228 1159 4288; x_wconf 85' lang='grc'>24</span> <span class='ocrx_word' id='word_1_323' title='bbox 1182 4239 1280 4287; x_wconf 88' lang='grc'><strong>66666</strong></span> <span class='ocrx_word' id='word_1_324' title='bbox 1303 4225 1396 4286; x_wconf 90' lang='lat' dir='ltr'>natus</span> 
     </span>
     <span class='ocr_line' id='line_1_35' title="bbox 168 4330 1396 4419; baseline -0.001 -22"><span class='ocrx_word' id='word_1_325' title='bbox 168 4333 208 4398; x_wconf 88' lang='lat' dir='ltr'>ab</span> <span class='ocrx_word' id='word_1_326' title='bbox 223 4332 414 4414; x_wconf 88' lang='lat' dir='ltr'>imperatore</span> <span class='ocrx_word' id='word_1_327' title='bbox 430 4331 591 4398; x_wconf 81' lang='lat' dir='ltr'>Caracalla</span> <span class='ocrx_word' id='word_1_328' title='bbox 609 4333 771 4419; x_wconf 68' lang='lat' dir='ltr'>adcelera«</span> <span class='ocrx_word' id='word_1_329' title='bbox 790 4334 923 4400; x_wconf 88' lang='lat' dir='ltr'>donatus</span> <span class='ocrx_word' id='word_1_330' title='bbox 939 4351 1008 4400; x_wconf 88' lang='lat' dir='ltr'>esse</span> <span class='ocrx_word' id='word_1_331' title='bbox 1023 4333 1146 4399; x_wconf 90' lang='lat' dir='ltr'>dicitur.</span> <span class='ocrx_word' id='word_1_332' title='bbox 1180 4332 1316 4397; x_wconf 89' lang='lat' dir='ltr'>Proinde</span> <span class='ocrx_word' id='word_1_333' title='bbox 1328 4330 1396 4396; x_wconf 90' lang='lat' dir='ltr'>eius</span> 
     </span>
     <span class='ocr_line' id='line_1_36' title="bbox 169 4442 1397 4527; baseline -0.003 -19"><span class='ocrx_word' id='word_1_334' title='bbox 169 4444 283 4508; x_wconf 90' lang='lat' dir='ltr'>natalis</span> <span class='ocrx_word' id='word_1_335' title='bbox 306 4461 408 4508; x_wconf 91' lang='lat' dir='ltr'>annus</span> <span class='ocrx_word' id='word_1_336' title='bbox 430 4442 539 4508; x_wconf 92' lang='lat' dir='ltr'>incidit</span> <span class='ocrx_word' id='word_1_337' title='bbox 560 4444 644 4509; x_wconf 90' lang='lat' dir='ltr'>intra</span> <span class='ocrx_word' id='word_1_338' title='bbox 665 4461 763 4510; x_wconf 89' lang='grc'><strong>66666</strong></span> <span class='ocrx_word' id='word_1_339' title='bbox 788 4449 972 4521; x_wconf 84' lang='grc'>189-194,</span> <span class='ocrx_word' id='word_1_340' title='bbox 1000 4444 1084 4527; x_wconf 93' lang='lat' dir='ltr'>quod</span> <span class='ocrx_word' id='word_1_341' title='bbox 1105 4462 1168 4509; x_wconf 90' lang='lat' dir='ltr'>non</span> <span class='ocrx_word' id='word_1_342' title='bbox 1184 4446 1305 4524; x_wconf 82' lang='lat' dir='ltr'>pugnat</span> <span class='ocrx_word' id='word_1_343' title='bbox 1326 4460 1397 4507; x_wconf 88' lang='lat' dir='ltr'>cum</span> 
     </span>
     <span class='ocr_line' id='line_1_37' title="bbox 172 4552 1395 4652; baseline -0.002 -31"><span class='ocrx_word' id='word_1_344' title='bbox 172 4555 327 4622; x_wconf 84' lang='lat' dir='ltr'>sententia</span> <span class='ocrx_word' id='word_1_345' title='bbox 342 4558 461 4635; x_wconf 88' lang='lat' dir='ltr'>nostra,</span> <span class='ocrx_word' id='word_1_346' title='bbox 479 4572 542 4635; x_wconf 89' lang='lat' dir='ltr'>qua</span> <span class='ocrx_word' id='word_1_347' title='bbox 556 4573 619 4621; x_wconf 92' lang='lat' dir='ltr'>non</span> <span class='ocrx_word' id='word_1_348' title='bbox 630 4554 787 4620; x_wconf 89' lang='lat' dir='ltr'>diversum</span> <span class='ocrx_word' id='word_1_349' title='bbox 799 4574 870 4622; x_wconf 93' lang='lat' dir='ltr'>eum</span> <span class='ocrx_word' id='word_1_350' title='bbox 882 4574 952 4621; x_wconf 90' lang='lat' dir='ltr'>esse</span> <span class='ocrx_word' id='word_1_351' title='bbox 966 4555 1007 4621; x_wconf 91' lang='lat' dir='ltr'>ab</span> <span class='ocrx_word' id='word_1_352' title='bbox 1017 4556 1071 4621; x_wconf 91' lang='lat' dir='ltr'>illo</span> <span class='ocrx_word' id='word_1_353' title='bbox 1083 4556 1232 4652; x_wconf 87' lang='lat' dir='ltr'>archonte</span> <span class='ocrx_word' id='word_1_354' title='bbox 1242 4552 1395 4620; x_wconf 86' lang='lat' dir='ltr'>uolumus.</span> 
     </span>
    </p>
   </div>
   <div class='ocr_carea' id='block_1_10' title="bbox 0 0 1753 5296">
    <p class='ocr_par' dir='ltr' id='par_1_11' title="bbox 0 0 1753 5296">
     <span class='ocr_line' id='line_1_38' title="bbox 0 0 1753 5296; baseline 0 0"><span class='ocrx_word' id='word_1_355' title='bbox 0 0 1753 5296; x_wconf 95' lang='lat' dir='ltr'> </span> 
     </span>
    </p>
   </div>
  </div>
 </body>
</html>
