3510 5304
656 404 869 468 —31··⁶-

148 586 261 674 hagm.
284 588 321 655 Β,
343 605 389 656 rs.
412 591 448 670 43
479 591 975 672 ...ΣΟΣΓΙΑΛΛΗΝΕΥΣῑ
1008 589 1094 657 solae
1121 588 1280 659 detractae
1300 593 1376 658 sunt

148 703 264 769 itterae
289 704 436 782 οχΡΥ,
458 739 501 750 -
546 764 572 796 ,γ
999 782 1002 787 ,

237 813 300 881 Sed
321 814 400 882 satis
422 833 505 882 nnnc
537 814 771 882 demonstrasse
791 810 869 879 mihi
891 811 1004 881 videor
1025 817 1194 898 utrumque
1221 813 1376 899 fragmen·

151 930 222 992 tum
243 926 403 993 dimidiam
426 943 495 994 esse
528 931 651 1008 partem
684 925 778 991 nnius
806 923 1009 1009 eiusdemque
1036 925 1248 1010 inscriptionis
1280 929 1376 1008 atque

149 1038 221 1103 inre
241 1056 298 1104 nos
321 1037 542 1119 composuisse.
626 1052 630 1061 ·
924 1126 927 1132 .

237 1149 349 1215 Restat
370 1167 454 1215 nunc
475 1147 694 1230 interpretatio
709 1146 803 1214 tituli.
835 1148 872 1216 In
887 1149 1070 1217 universum
1084 1149 1168 1231 quod
1182 1149 1224 1217 ad
1238 1150 1376 1234 ephebos

153 1276 324 1342 eorumque
350 1277 402 1326 res
432 1259 546 1326 attinet
569 1275 753 1326 revocamus
786 1260 828 1327 ad
861 1260 1113 1329 dissertationem
1141 1261 1377 1344 Dittenbergeri

152 1370 229 1458 (ode
251 1371 379 1455 ephebis
402 1369 546 1452 Atticis«
571 1369 742 1454 Gottingae
764 1368 871 1458 1863),
894 1372 948 1453 qui
970 1372 1089 1454 primus
1116 1372 1203 1440 hisce
1219 1373 1259 1439 de
1281 1373 1376 1440 rebus

152 1483 388 1550 accuratissime
410 1489 443 1551 et
464 1483 680 1565 copiosissime
701 1482 818 1548 docuit.
852 1482 1048 1566 Quamquam
1069 1487 1191 1550 restant
1212 1483 1376 1566 quaedam,

152 1611 235 1677 quae
258 1599 314 1659 aut
334 1593 367 1659 in
389 1593 519 1661 dubium
534 1593 676 1661 vocanda
699 1596 756 1660 aut
777 1593 894 1660 certius
909 1594 1077 1661 statuenda
1091 1594 1273 1679 videantnr3
1296 1613 1377 1678 qnae

152 1705 309 1772 disserere
325 1706 366 1774 ab
388 1707 448 1772 hoc
470 1705 538 1773 loco
561 1724 624 1771 non
642 1690 708 1771 'erit
728 1705 874 1771 alienum.

239 1818 286 1883 Ac
307 1817 443 1911 primum
465 1817 726 1900 Dittenbergerns
747 1816 768 1882 l.
791 1817 812 1882 l.
835 1834 908 1900 pag.
933 1819 972 1881 16
995 1833 1063 1901 sqq.
1085 1821 1171 1884 recte
1196 1818 1302 1884 docuit
1323 1834 1378 1901 po

152 1928 287 1994 steriore
308 1927 320 1992 1
353 1947 380 1994 1.
402 1929 627 2011 imperatorum
649 1931 790 2010 tempore
812 1947 876 1995 non
897 1946 1013 2011 omnes,
1038 1929 1092 2010 qni
1116 1928 1306 2013 »legitimam
1326 1949 1377 1997 ae·

152 2043 272 2106 tatem«
298 2044 337 2106 18
360 2057 512 2105 annornm
535 2041 681 2122 agebant,
704 2040 737 2105 in
759 2039 950 2122 epheborum
971 2058 1136 2108 numerum
1149 2044 1293 2125 receptos
1308 2054 1378 2107 esse

153 2151 293 2234 exlege,
322 2152 378 2218 sed
399 2153 548 2219 iuvenum
569 2152 700 2220 arbitrio
722 2152 909 2235 permissum
930 2148 1028 2219 fuisse
1049 2158 1156 2218 utrum
1176 2151 1261 2220 inter
1286 2152 1377 2234 ephe·

152 2261 213 2328 bos
234 2260 331 2344 recipi
352 2261 469 2328 vellent
489 2281 596 2331 necne.
640 2263 684 2328 lit
705 2265 947 2330 consentaneum
970 2278 1040 2329 esse
1072 2262 1193 2331 nobiles
1226 2263 1378 2346 imprimis

152 2377 188 2439 et
209 2373 322 2439 divites
344 2372 473 2440 invenes
494 2372 578 2440 hunc
599 2373 759 2455 honorem,
782 2373 873 2457 utqui
895 2391 965 2440 cnm
987 2377 1114 2457 sumptu
1136 2373 1215 2439 hant
1229 2372 1379 2441 mediocri

151 2482 350 2551 lconinnctus
372 2489 465 2561 esset,
486 2484 624 2568 petiisse.
670 2484 760 2562 Quod
781 2484 854 2550 inde
881 2483 1091 2567 confirmatur,
1124 2485 1210 2566 quod
1241 2484 1295 2568 qni
1327 2484 1381 2553 hic

150 2593 217 2660 illic
239 2595 322 2661 inter
344 2594 481 2678 ephebos
503 2595 705 2662 inveniuntur
725 2594 821 2662 iidem
841 2612 904 2661 non
927 2614 1009 2674 raro,
1032 2595 1096 2661 iam
1117 2596 1178 2661 viri
1195 2595 1281 2677 iacti,
1307 2596 1378 2662 aliis

151 2704 186 2769 in
208 2701 309 2770 titulis
331 2709 443 2787 postea
464 2704 599 2771 redeunt
621 2703 803 2791 etquidem
825 2706 957 2788 publicis
986 2707 1168 2773 muneribus
1199 2705 1297 2773 veluti
1329 2724 1380 2772 ar·

151 2814 294 2897 cbontis,
322 2815 411 2883 ducis
440 2815 654 2902 (στρατῃχοῦ),
684 2818 856 2897 cosmetae,
893 2818 1117 2886 anticosmetae
1147 2817 1282 2899 denique
1308 2816 1379 2882 aliis

26 3004 30 3013 q
150 2926 261 2993 multis
295 2924 402 2993 officiis
424 2925 557 3009 publicis
589 2923 765 3009 iungentes.
815 2926 907 2994 Unde
940 2927 968 2994 si
1002 2929 1128 3011 quidem
1158 2928 1379 3012 ephebicornm

151 3037 352 3121 quorundam
373 3037 538 3104 titulorum
566 3040 691 3120 tempus
713 3039 763 3103 est
787 3038 1001 3120 constitutum,
1032 3040 1214 3122 saepissime
1246 3040 1379 3105 aliorum

150 3148 320 3215 titulorum
341 3153 430 3215 aetas
453 3153 539 3215 certo
565 3152 671 3229 potest
692 3148 801 3229 statui,
830 3149 937 3231 itaque
965 3133 1186 3233 ephebicorum
1217 3150 1266 3216 tit.
1289 3164 1378 3216 aceu-

150 3264 226 3326 rata
248 3259 423 3326 emendatio
447 3263 480 3324 11
507 3259 644 3343 cognitio
676 3257 756 3325 haut
787 3260 833 3324 ita
866 3260 1093 3332 contemnenda
1124 3260 1181 3328 sed
1212 3260 1380 3343 plurimum

150 3371 240 3438 valet
263 3372 305 3437 ad
326 3370 466 3437 eiusdem
488 3370 603 3437 aetatis
625 3369 736 3436 titulos
759 3383 929 3455 eorumque
951 3389 1003 3438 res
1025 3371 1221 3438 illustranda.

240 3479 356 3549 Censet
376 3486 483 3548 autem
504 3481 766 3564 Dittenbergerus
794 3480 857 3546 11.
880 3499 952 3565 pag.
967 3462 1016 3546 Ι22
1051 3483 1222 3549 etiamtunc
1254 3501 1317 3549 non
1344 3481 1382 3547 li·

157 3595 263 3662 cuisse
284 3594 367 3660 inter
390 3593 527 3677 ephebos
556 3593 653 3677 recipi
682 3593 743 3659 nisi
772 3590 987 3674 duodeviginti
1018 3610 1116 3658 annos
1152 3592 1246 3658 natis.
1290 3592 1381 3671 Quod

151 3705 232 3771 mihi
254 3722 407 3787 perquam
431 3710 481 3772 est
502 3704 642 3772 dubium.
676 3702 840 3770 Dubitatio
863 3702 983 3770 scilicet
1003 3703 1089 3770 hisce
1110 3704 1206 3770 rebus
1219 3682 1304 3769 'mihi
1317 3720 1382 3769 mo·

151 3821 257 3883 vetur.
301 3816 441 3882 Primum
473 3815 576 3881 intit.
609 3812 849 3895 1111111418,
881 3819 896 3879 1
931 3813 974 3897 (a.
999 3817 1059 3879 116
1091 3833 1122 3897 p.
1146 3813 1217 3881 Chr.
1249 3814 1381 3895 scripto)

152 3945 200 3995 18.
220 3932 262 3992 23
284 3924 432 4017 legimus:
566 3949 620 3996 τος
634 3918 781 4012 Πρόκλου
803 3924 912 4013 ἤλειφε
932 3925 1032 4007 μετὰ
1050 3927 1117 3989 τοῦ
1140 3925 1208 3989 ὑοῦ
1223 3918 1381 4009 Κόσμου

152 4036 281 4128 ἡμέρας
296 4039 394 4105 πέντε.
429 4039 511 4117 Quid
528 4038 581 4106 blo
603 4035 758 4120 significet
781 4031 911 4123 »ἤλειφε
932 4034 1025 4100 πέντε
1046 4035 1203 4123 ἤμέραςα,
1226 4055 1308 4119 quae
1321 4044 1398 4104 1011Ι

152 4150 263 4217 novies
285 4149 317 4215 in
332 4148 386 4215 illo
402 4149 450 4214 tit.
466 4149 584 4231 scripta
599 4153 659 4229 est,
680 4145 762 4212 infra
784 4146 912 4214 docebo.
947 4147 1010 4213 Hic
1032 4147 1110 4215 satis
1132 4152 1182 4213 est
1200 4147 1382 4233 intellegere

153 4258 225 4326 illos
248 4276 318 4326 esse
341 4260 487 4342 ephebos.
533 4259 660 4324 Patrem
681 4257 778 4340 igitur
800 4272 864 4323 una
886 4270 957 4323 cum
979 4256 1043 4323 filio
1071 4248 1155 4323 inter
1183 4257 1319 4340 ephebos
1348 4258 1379 4323 in

154 4370 319 4456 gymnasio
341 4375 500 4437 versatum
522 4387 591 4436 esse
613 4367 839 4453 cognoscimus.
884 4367 947 4434 Sed
970 4371 1026 4449 qul
1055 4372 1088 4435 et
1115 4373 1206 4451 pater
1237 4372 1270 4435 11
1297 4366 1381 4434 filius

155 4482 266 4550 eodem
288 4489 430 4567 tempore
452 4482 666 4564 duodeviginti
689 4496 787 4548 annes
819 4479 887 4545 nati
918 4484 1052 4560 possunt
1084 4480 1175 4545 esse?
1218 4479 1267 4545 Ea
1297 4479 1382 4549 enim

154 4592 216 4662 fnit
239 4593 400 4678 »legitima
427 4598 534 4662 aetas«
567 4590 767 4675 epheborum.
811 4590 855 4655 At
883 4589 977 4656 nullis
999 4589 1259 4672 Dittenbergerns
1291 4606 1383 4674 argn-
