3510 5304
660 389 874 453 ...ss5-

149 574 334 641 Admodum
367 573 568 656 neglegenter
600 573 784 655 plerumque
814 591 851 639 ac
883 590 923 639 ne
957 573 1052 639 rectis
1080 571 1206 655 quidem
1234 571 1325 639 lineis
1350 576 1383 639 et

150 685 322 752 manifesto
349 685 456 750 abeis
478 684 555 749 talia
576 684 795 751 scribebantur
817 685 872 765 qui
899 682 1093 764 quadratarii
1122 684 1199 749 artis
1227 687 1318 751 erant
1339 683 1383 748 in·

150 795 257 878 periti.
302 795 352 860 Ad
381 793 444 860 Φιλ.
468 796 532 876 ΙΙΙ,
557 799 634 870 283,
665 800 683 866 3
714 814 758 861 vs.
782 799 897 860 9-12
929 794 997 872 (ubi
1027 793 1135 859 similis
1158 800 1233 860 nota
1253 793 1383 878 legitur)

150 905 288 973 adnotat
302 905 511 981 Cumanudes,
537 906 594 968 »τὰ
617 909 678 969 τῶν
701 904 812 994 στίχων
836 911 854 972 9
878 906 926 968 κοιλ
950 905 1027 991 ἑξῆς
1049 911 1117 989 »τῷ
1137 901 1297 990 Ἡρακλεῖ(
1322 903 1383 968 κτλ.

155 1015 265 1108 ἔχουσι
287 1017 487 1104 ὃιοίφομον
510 1021 586 1081 τῶν
608 1015 733 1080 ἄλλων
757 1019 820 1080 τοῦ
847 1013 961 1080 λίθου
983 1017 1225 1102 γραμμάτων
1254 1019 1385 1105 σχῆμα

152 1130 220 1193 καὶ
244 1128 341 1192 πολὺ
364 1127 636 1214 ἀμελέστερον
659 1126 758 1191 εἶναι
775 1125 1020 1216 χαμαγμένα,
1042 1125 1284 1214 daspetiacae
1305 1124 1386 1216 ἔχει

152 1241 221 1303 καὶ
244 1238 283 1303 ἐν
305 1240 389 1308 ταῖς
409 1237 543 1308 ἄλλοις
565 1243 642 1302 τῶν
664 1241 731 1301 τοῦ
748 1236 888 1309 εἴδους
904 1238 1044 1302 τούτου
1060 1236 1386 1324 τμοςτλέτωνέπι-

152 1354 348 1437 mapsa«
384 1350 547 1416 Interdum
569 1350 664 1415 etiarn
686 1369 820 1416 coronae
835 1350 1011 1416 nominibus
1033 1354 1109 1416 sunt
1124 1349 1387 1431 circumscriptae,

152 1464 211 1529 sed
239 1467 272 1529 et
300 1464 360 1529 hae
386 1463 474 1545 ipsae
502 1461 687 1544 plerumque
716 1463 815 1526 »πάνυ
844 1463 984 1549 ἀτεχνῶς
1011 1459 1249 1545 γεγλυμμένον,
1279 1463 1315 1525 ut
1342 1459 1388 1525 ait

158 1573 360 1640 Cumanudes
390 1574 442 1656 (ad
465 1575 513 1639 tit.
539 1572 602 1639 Φιλ.
625 1574 679 1654 IV,
702 1579 775 1653 458,
801 1574 853 1656 1.).
898 1574 998 1652 Quam
1019 1572 1098 1638 rude
1120 1572 1199 1638 talia
1220 1570 1316 1637 scribi
1338 1574 1408 1636 so·'

152 1685 250 1766 leant,
275 1686 303 1749 si
324 1683 374 1750 fas
395 1690 445 1751 est
466 1685 513 1749 uti
535 1685 631 1752 verbo
654 1683 826 1766 scribendi,
856 1685 909 1764 qui
935 1684 1004 1750 uult
1032 1683 1182 1750 adcurate
1205 1682 1389 1763 intellegere

153 1796 223 1877 ipse
246 1797 312 1862 suis
335 1796 434 1863 oculis
457 1797 604 1879 inspiciat
625 1795 765 1860 tabulam
788 1794 1048 1876 lithographicam
1069 1786 1099 1857 λ’
1126 1799 1140 1858 l
1171 1798 1204 1858 ct
1231 1786 1283 1856 lu'
1316 1798 1330 1856 1
1356 1792 1388 1857 in

150 1881 263 1993 ’λ’φημ.
281 1906 351 1994 opp.
368 1929 437 1992 περ.
453 1904 492 1973 B.
510 1925 561 1972 no.
578 1910 650 1974 200.
667 1909 746 1970 202:
768 1904 870 1987 primo
886 1905 999 1972 obtutu
1014 1908 1181 1986 cognoscet
1196 1922 1233 1969 ea
1248 1922 1330 1986 quae
1343 1903 1387 1969 ibi

155 2021 246 2083 extra
269 2022 449 2084 contextum
472 2017 632 2100 adscripta
653 2021 728 2082 sunt
748 2014 817 2082 fieri
842 2035 906 2082 non
927 2033 1021 2098 posse
1049 2021 1085 2082 ut
1112 2016 1153 2083 ab
1176 2015 1388 2097 quadratario,

154 2128 300 2212 quamvis
326 2128 477 2211 inperito,
506 2127 631 2210 sculpta
662 2127 734 2192 sint.
788 2126 869 2193 Sunt
897 2145 989 2207 sane,
1017 2132 1054 2193 ut
1082 2127 1151 2193 vult
1178 2125 1389 2202 Cumanudes

156 2238 368 2323 epheborum,
391 2240 445 2319 qui
472 2238 520 2304 his
550 2239 648 2318 notis,
674 2238 872 2320 potissimum
901 2238 1052 2305 vocabulo
1077 2230 1266 2323 a‘Hpuxlet‹‚
1294 2254 1391 2317 quen·

157 2349 232 2416 dam
262 2369 300 2416 ex
326 2350 465 2432 ipsorum
492 2367 623 2414 numero
645 2350 800 2417 honorare
833 2350 998 2416 voluerint
1050 2350 1151 2433 Saepe
1179 2351 1262 2416 inter
1290 2350 1393 2432 ipsum

157 2462 358 2530 scribendum
384 2461 489 2528 nescio
511 2481 532 2528 a
552 2481 615 2544 quo
645 2462 791 2528 videntur
820 2480 889 2528 esse
911 2462 1052 2528 inhibiti:
1080 2479 1175 2544 saepe
1203 2461 1285 2527 enim
1312 2458 1389 2525 nihil

163 2572 323 2638 invenitur
350 2572 412 2638 nisi
434 2574 507 2652 ΤΩ
529 2572 580 2638 vel
602 2578 637 2652 Τ
659 2606 702 2617 -
724 2572 861 2639 scribere
883 2572 1030 2639 volebant
1059 2578 1107 2658 τῷ
1124 2564 1323 2657 Ἡρακλεῒ-
1339 2575 1395 2636 aut
1429 2640 1432 2645 ,

160 2684 275 2750 similia
296 2704 359 2751 non
381 2686 514 2769 integra.
560 2687 665 2765 Quid?
692 2686 777 2768 quod
806 2686 839 2750 in
865 2685 958 2750 titulo
983 2682 1261 2764 ucl.1v,458,1
1286 2682 1391 2762 verba,

157 2811 239 2874 quae
267 2802 341 2877 post
367 2795 605 2880 Philadelphea‚
635 2797 800 2878 Epinicea,
826 2796 948 2863 Thesea
970 2798 1200 2863 conmemorata
1229 2797 1388 2873 secuntur,

158 2906 206 2968 καὶ
221 2904 335 2976 ἄλλους
349 2906 481 2977 πολλοὺς
504 2913 561 2986 (sc.
585 2907 724 2990 ἀγῶνας)
748 2905 805 2977 οὓς
826 2905 862 2970 οὐ
873 2909 980 2995 χωρεῖ
999 2907 1016 2968 ὁ
1040 2905 1143 2986 τόπος,
1169 2906 1274 2971 inania
1296 2910 1328 2971 et
1349 2905 1391 2970 ri·

159 3014 265 3082 dicula
286 3016 441 3094 videntur,
464 3018 539 3099 quia
560 3023 642 3084 teste
665 3015 852 3083 Cumanude
874 3017 1053 3083 etiamnunc
1074 3017 1106 3082 in
1121 3016 1225 3098 lapide
1247 3015 1391 3098 quamvis

158 3126 269 3194 mutilo
296 3132 370 3210 post
392 3130 446 3194 illa
468 3131 565 3198 uerba
587 3130 666 3197 satis
688 3128 826 3211 amplum
849 3130 986 3213 spatium
1009 3126 1090 3193 inira
1111 3132 1204 3194 vacat
1218 3130 1313 3208 atque
1327 3131 1395 3191 tum

158 3256 230 3303 cum
244 3236 325 3321 lapis
341 3258 404 3305 non
418 3240 480 3306 iarn
495 3239 556 3305 fuit
570 3239 698 3307 mutilus
721 3241 820 3306 multo
842 3241 1023 3324 ampliorem
1039 3239 1141 3304 locum
1156 3254 1285 3303 vacasse
1301 3254 1394 3318 opor·

159 3352 215 3414 tet.
249 3348 407 3427 Quorsum
422 3350 641 3417 haecomnia?
674 3352 717 3417 Ut
732 3351 884 3434 adpareat
897 3353 991 3433 plane
1012 3368 1074 3416 non
1097 3365 1189 3431 posse
1199 3346 1268 3414 fieri
1283 3352 1321 3413 ut
1336 3365 1392 3414 eae

162 3462 257 3524 notae
279 3459 404 3540 publice
426 3461 490 3526 sint
512 3462 668 3543 sculptae,
695 3468 824 3545 propter
846 3463 930 3544 quod
955 3461 1035 3527 haut
1060 3461 1107 3525 ita
1134 3476 1280 3540 magnam
1300 3456 1394 3523 fidem

160 3568 206 3635 eis
229 3587 301 3635 csse
318 3569 505 3637 habendam.
551 3573 595 3639 At
616 3573 769 3639 sollennia
792 3571 999 3659 delectatum
1013 3572 1047 3636 iu
1069 3570 1183 3636 iliade
1205 3586 1269 3650 qua
1290 3569 1395 3650 agitur

157 3684 233 3746 nota
255 3677 337 3757 (dcl.
360 3681 415 3764 IV,
438 3686 510 3763 458,
536 3688 566 3760 l)
589 3702 629 3749 ne
651 3683 691 3750 ab
713 3683 841 3764 ephebis
864 3684 991 3764 quidem
1012 3682 1107 3747 animi
1129 3699 1226 3749 causa
1246 3684 1395 3763 poterant

157 3791 400 3873 conmemorari,
427 3792 453 3856 si
482 3796 549 3858 turn
580 3792 637 3880 (sc.
661 3813 687 3859 a.
714 3791 789 3878 116)
811 3795 873 3858 iarn
897 3793 1020 3859 omnino
1042 3812 1104 3860 non
1128 3795 1218 3856 erant
1239 3791 1394 3875 inst'tuta.

158 3901 242 3968 Sane
264 3902 405 3983 quidem!
439 3904 574 3969 Annon
598 3904 638 3970 ab
661 3904 707 3970 eis
733 3904 861 3986 ephebis
889 3904 943 3987 qui
963 3904 1138 3987 posteriore
1165 3907 1305 3986 ternpore
1333 3920 1395 3985 quo

163 4012 389 4097 Philadelphea
418 4018 509 4079 erant
530 4014 593 4079 iam
616 4014 779 4090 instituta,
808 4015 839 4078 iu
869 4014 977 4079 eodem
1000 4014 1161 4097 gymnasio
1183 4014 1399 4094 versabantur,

161 4123 193 4189 in
216 4141 279 4204 quo
302 4124 370 4189 siue
397 4123 491 4189 dubio
514 4124 634 4206 lapides
656 4124 698 4189 ad
721 4124 857 4207 ephebos
880 4129 1058 4206 spectantes
1079 4123 1299 4206 ponebantur.
1335 4123 1397 4190 Nc-

156 4253 207 4301 mo
222 4234 358 4318 negarit.
397 4234 508 4315 Neque
520 4235 613 4302 modo
628 4236 695 4301 veri
710 4241 759 4302 est
770 4234 888 4316 simile,
910 4216 1020 4301 uerum
1035 4235 1130 4302 etiam
1144 4254 1256 4303 revera
1270 4237 1316 4300 ita
1329 4252 1397 4300 rem

155 4344 492 4429 intellegendamesse
522 4347 707 4429 conprobari
735 4351 848 4428 potest.
892 4346 920 4411 li
949 4346 1033 4412 enim
1064 4347 1177 4429 ephebi
1208 4345 1262 4428 qui
1293 4346 1328 4409 in
1351 4349 1398 4409 ta-

158 4456 242 4523 libus
270 4456 354 4521 notis
386 4456 425 4521 ab
448 4455 518 4521 aliis
547 4456 675 4538 ephebis
705 4457 814 4524 amicis
846 4458 1028 4540 cognomine
1057 4457 1203 4524 Heraclis
1238 4493 1275 4502 —
1314 4453 1399 4537 quod

1044 4643 1047 4648 ’
1173 4672 1190 4726 s
