3490 5296
649 408 883 469 -137-

157 593 270 659 archon
293 593 393 659 fertur
415 591 522 659 fuisse.
567 593 605 667 In
627 592 728 657 indice
751 597 856 657 autem
880 589 959 677 (Col.
976 593 1016 675 V)
1040 591 1117 658 illud
1139 611 1251 658 nomen
1278 592 1379 659 tribus

156 705 298 770 versibus
322 741 360 753 -
383 704 402 767 i.
426 723 453 769 e.
477 703 579 769 tribus
602 704 691 768 annis
713 739 755 749 —-
783 703 873 768 abest
899 721 919 766 a
940 703 1135 768 Metrodoro:
1165 700 1297 781 efficitur
1323 704 1380 786 igi·

155 818 207 879 tur
232 833 295 879 non
322 833 422 879 annus
450 819 489 879 56
522 815 577 879 sed
605 833 633 879 a.
663 818 702 878 57
732 809 811 897 (58).
861 813 1056 894 Quamquam
1084 812 1129 878 ilii
1155 814 1313 896 consuleS,
1342 833 1380 880 ex

156 926 268 1007 quihus
296 945 360 991 una
386 945 456 990 cum
483 926 633 991 archonte
661 923 788 990 Conone
815 924 889 989 anni
921 925 1080 990 denotatio
1113 924 1150 989 fit
1178 926 1262 1007 apud
1284 912 1381 991 'Phle-

154 1043 281 1118 gontem
302 1037 322 1101 l.
344 1037 375 1116 l.,
402 1037 441 1102 ab
465 1036 607 1102 omnibns
639 1055 667 1100 a.
692 1040 753 1101 809
777 1035 816 1102 U.
840 1035 873 1102 C.
906 1035 1137 1100 adscribuntur.
1181 1036 1331 1116 Proinde,
1353 1036 1380 1101 si

156 1148 282 1228 quidem
304 1152 390 1214 recto
414 1147 523 1213 ordine
545 1147 672 1212 nomina
701 1140 868 1227 descripsit
889 1146 1088 1223 Pittakisius‚
1116 1147 1222 1214 nescio
1249 1165 1289 1210 an
1318 1164 1379 1212 non

153 1259 245 1323 aliter
267 1278 305 1323 ex
328 1258 386 1323 hac
409 1257 592 1324 difficultate
613 1259 715 1340 possit
737 1258 841 1334 evadi,
870 1277 906 1324 ac
924 1259 955 1323 'si
983 1259 1155 1324 coniciatur
1177 1257 1381 1338 Phlegontem

154 1388 190 1435 ex
219 1387 278 1434 suo
307 1371 491 1436 archontum
519 1370 635 1447 indice,
672 1390 709 1435 ex
736 1388 798 1452 quo
828 1370 895 1435 sine
911 1369 1018 1434 >dubio
1047 1372 1187 1449 sumptos
1214 1369 1380 1434 archontes

153 1482 349 1547 mirabilibus
372 1482 462 1546 sactis
485 1481 693 1561 adscribebat,
715 1501 776 1546 non
791 1481 909 1545 iustum
925 1481 1056 1563 elegisse
1074 1480 1148 1545 anni
1165 1484 1213 1562 56,
1237 1479 1292 1545 sed
1308 1499 1380 1546 ocu-

153 1595 190 1659 lis
213 1595 433 1661 aberrantibus
456 1595 530 1659 anni
555 1600 594 1659 57
613 1595 804 1659 archontem.
843 1594 946 1673 Atque
968 1591 1092 1658 omnino
1111 1611 1182 1658 eum
1198 1590 1380 1672 scriptorem

153 1706 231 1771 haut
253 1706 299 1770 ita
321 1706 500 1789 diligentem
522 1705 618 1774 fuisse
640 1708 674 1770 in
696 1705 910 1772 adscribendis
933 1703 1082 1786 temporis
1105 1704 1188 1770 notis
1206 1702 1278 1768 inde
1292 1706 1381 1782 patet

153 1817 238 1898 quod
260 1818 424 1883 consulum
447 1818 571 1883 nomina
593 1835 673 1898 quae
696 1818 821 1883 exhibet
834 1818 914 1882 haut
928 1835 999 1881 raro
1014 1821 1089 1880 sunt
1104 1816 1284 1897 depravata.
1318 1812 1379 1878 Sed

154 1934 226 1993 utut
248 1947 300 1994 res
324 1935 380 2008 est,
404 1933 487 1995 certe
509 1948 571 1994 non
594 1949 632 1994 ea
654 1947 734 2011 quae
754 1929 968 2009 quaestionem
983 1931 1123 1992 nostram
1138 1928 1169 1990 in
1185 1922 1313 1992 dubium
1329 1944 1380 1990 uo·

154 2057 225 2104 care
249 2040 371 2105 debeat.
407 2040 493 2106 Pono
510 2039 668 2106 Cononem
689 2060 751 2106 non
774 2058 802 2104 a.
825 2045 864 2105 56
887 2040 943 2106 sed
965 2059 993 2106 a.
1010 2045 1049 2105 57
1071 2059 1101 2122 p.
1118 2038 1189 2106 Chr.
1213 2038 1310 2104 fuisse
1332 2057 1380 2102 ar·
1462 2083 1465 2087 -

154 2151 309 2216 chontem.
343 2150 434 2228 Quod
458 2151 484 2215 si
504 2151 549 2216 ita
568 2153 672 2228 habet,
697 2171 767 2217 cum
782 2157 955 2218 retrorsum
970 2156 1174 2233 conputamus
1191 2151 1235 2230 (in
1250 2147 1317 2214 Col.
1331 2147 1380 2231 V),

154 2260 297 2325 incidunt
318 2259 482 2348 Πάμφιλος
502 2262 533 2328 in
557 2283 586 2329 a.
611 2269 660 2344 56,
683 2262 950 2351 Καλλικρ(ατίὸης)
972 2265 1004 2329 in
1027 2284 1055 2328 a.
1081 2268 1130 2340 55,
1153 2260 1321 2346 Xaptmct)
1348 2260 1380 2323 in

155 2388 181 2434 a.
199 2375 250 2452 54,
274 2371 522 2459 Μητρόδωρος)
545 2373 577 2438 in
601 2395 628 2439 a.
647 2378 695 2451 53,
721 2373 984 2459 [Διονυσόδωρος]
1008 2374 1040 2438 in
1062 2392 1090 2438 a.
1108 2377 1147 2438 52
1170 2393 1200 2454 p.
1218 2371 1291 2437 Chr.
1327 2369 1381 2437 Se-

155 2489 268 2548 cuntur
291 2481 450 2547 Cononem
473 2502 501 2547 a.
526 2489 566 2549 58
591 2483 806 2571 Θεμιστοκλῆς,
829 2504 857 2550 a.
878 2490 917 2550 59
944 2483 1111 2569 θῖνόφιλος,
1135 2502 1163 2549 a.
1181 2488 1221 2549 60
1243 2480 1379 2568 Βόηθος.

154 2594 275 2658 Nomen
298 2592 381 2675 quod
404 2598 471 2658 tum
494 2595 685 2676 sequebatur
705 2596 808 2676 periit,
831 2600 865 2660 at
887 2615 924 2660 ex
946 2595 1117 2676 Phlegonte
1138 2594 1159 2659 l.
1182 2595 1202 2659 i.
1225 2613 1252 2659 c.
1274 2598 1315 2658 20
1337 2592 1381 2659 ibi

154 2704 383 2769 restituendum
405 2710 455 2770 est
476 2723 588 2771 nomen
612 2705 799 2790 θράσυλλος.
845 2706 1051 2773 Continentur
1072 2724 1146 2788 ergo
1172 2704 1303 2787 singulis
1332 2722 1382 2768 co·

154 2814 268 2880 lumnis
291 2816 372 2879 dena
394 2815 578 2881 archontum
598 2817 727 2881 nomina'
747 2818 921 2900 etquidem
942 2820 1097 2880 annorum
1115 2817 1236 2880 12-61
1253 2837 1290 2899 p.
1309 2813 1381 2878 Chr.

157 2924 266 3004 Itaque
290 2926 380 2990 annis
403 2926 568 3010 adscriptis
591 2928 636 2993 ita
659 2947 692 2993 se
715 2928 810 2994 habet
831 2928 926 2994 index
948 2927 1098 2994 adcurate
1120 2926 1299 3010 dispositus.
