3510 5304
711 438 926 505 ..gg-

199 624 296 689 modo
325 624 378 689 illa
410 624 443 690 in
476 624 522 690 eis
555 625 670 706 titulis,
702 625 752 690 vel
786 627 925 692 eiusdem
953 627 1066 693 aetatis
1073 675 1081 708 ,
1113 632 1284 712 conparent
1312 648 1433 695 eorum-

199 753 264 816 que
291 734 383 802 modo
402 734 469 816 hic,
496 735 589 802 modo
610 735 662 801 ille
685 736 761 803 ordo
785 739 942 822 cernitur3
973 739 1098 804 omnino
1121 739 1208 805 nulla
1231 745 1317 807 certa
1337 741 1432 807 huius

199 845 249 910 rei
278 846 360 912 ratio
386 838 483 912 fuisse
504 846 638 912 videtur.
683 849 787 929 Atque
809 850 888 916 adeo
912 869 950 915 ex
972 851 1115 917 omnibus
1138 851 1193 932 qui
1223 855 1331 918 extant
1353 852 1432 919 eius·

198 958 287 1024 modi
309 958 468 1051 catalogis
481 958 534 1024 ille
554 957 732 1025 Philistoris
755 960 866 1027 titulus
890 962 929 1028 de
952 982 1013 1045 quo
1037 963 1142 1045 agitur
1164 964 1276 1030 unicus
1307 964 1433 1047 estqui

198 1071 251 1134 tot
271 1089 400 1136 numero
422 1068 504 1136 festa
527 1070 666 1151 exhibet3
689 1072 786 1137 ceteri
808 1092 916 1139 omnes
938 1074 1091 1155 praebent
1112 1075 1271 1158 pauciora.
1318 1073 1434 1153 Quam·

199 1198 297 1261 quam
325 1200 400 1248 casu
429 1183 564 1262 quodam
591 1182 669 1248 illud
698 1181 767 1248 fieri
795 1164 935 1264 potuisse
958 1181 1055 1250 nihilo
1078 1186 1180 1253 secius
1201 1186 1433 1252 concedendum
1520 1174 1524 1179 ¹

200 1298 260 1360 est.
301 1294 450 1359 Attamen
472 1293 563 1359 aliter
586 1293 794 1361 demonstrari
815 1302 920 1378 potest
942 1303 1111 1381 utrumque
1141 1299 1268 1365 titulum
1291 1297 1432 1365 eiusdem

200 1423 272 1470 esse
294 1405 382 1486 anni,
411 1406 431 1469 i.
455 1424 480 1470 e.
505 1405 614 1472 codem
637 1408 696 1473 sub
719 1408 884 1489 archonte,
913 1414 1070 1487 cosmeta,
1098 1411 1299 1493 paedotriba,
1321 1409 1432 1476 ceteris

200 1515 337 1596 denique
367 1515 520 1598 gymnasii
549 1517 785 1609 magistratibus
814 1538 882 1585 esse
913 1525 1083 1586 exaratum·
1134 1521 1259 1587 Etenim
1288 1522 1320 1586 in
1349 1520 1432 1603 frag·

199 1632 306 1693 mento
337 1633 446 1694 nostro
476 1633 548 1709 post
577 1626 729 1694 festorum
762 1630 888 1694 nomina
917 1635 1087 1713 supersunt
1116 1634 1269 1713 quaedam
1298 1632 1433 1714 litterae,

199 1736 353 1821 reliquiae
375 1738 534 1803 nominum
557 1757 665 1805 eorum
687 1741 741 1820 qui
763 1741 972 1821 agonothetae
993 1741 1130 1809 fuerunt.
1171 1741 1258 1821 Quae
1280 1743 1432 1825 reliquiae

200 1853 395 1931 quantopere
417 1869 489 1915 cum
510 1850 555 1916 eis
576 1852 754 1918 nominibus
776 1871 857 1933 quae
878 1854 1003 1935 integra
1029 1855 1061 1919 in
1083 1854 1203 1921 Philist.
1237 1853 1330 1919 titulo
1360 1857 1433 1935 post

200 1959 327 2043 singula
358 1959 509 2040 festorum
542 1963 668 2029 nomina
700 1971 904 2031 recensentur
932 1970 1106 2047 congruant
1140 1970 1173 2031 et
1205 1966 1361 2049 quadrent
1394 1983 1432 2030 ex

201 2073 367 2140 emendato
390 2072 564 2156 fragmento
586 2079 652 2139 tam
673 2076 837 2158 perspicue
860 2077 993 2160 adparet
1014 2082 1051 2144 ut
1073 2076 1227 2144 dubitatio
1255 2095 1318 2142 non
1340 2075 1432 2142 relin-

200 2190 325 2265 quatur.
370 2185 476 2251 Veluti
498 2205 543 2251 vs.
568 2191 586 2250 6
608 2186 759 2252 habemus
783 2185 912 2271 aalma
943 2206 987 2254 vs.
1014 2194 1047 2253 7:
1067 2184 1220 2271 Ἰο[ύλιος;
1242 2205 1286 2252 vs.
1311 2192 1347 2252 8:
1367 2179 1432 2250 Ἀν-

201 2296 293 2378 ν[ιος;
313 2314 359 2361 vs,
376 2301 410 2361 9:
439 2297 587 2380 Τύλλ[ιος;
609 2316 654 2363 vs.
675 2304 729 2364 10:
752 2296 882 2380 Αἵλι[ος;
905 2318 951 2365 vs.
971 2305 1027 2365 11:
1052 2301 1069 2362 d
1091 2299 1279 2388 κο[σμητής;
1302 2316 1348 2365 VS.
1376 2301 1431 2362 12:

199 2406 375 2487 Κ[λαύὸιος.
397 2445 439 2457 -

287 2520 356 2585 Iam
386 2539 425 2586 ne
453 2521 523 2601 quis
547 2526 673 2586 censeat
694 2521 935 2587 Pittakisianum
965 2521 1176 2605 fragmentum
1204 2538 1272 2587 esse
1293 2520 1432 2604 particu-

200 2629 264 2697 lam
287 2634 444 2715 quandam
467 2633 607 2699 eiusdem
628 2633 742 2716 lapidis
765 2635 854 2700 cuius
869 2634 992 2699 Philist.
1016 2633 1136 2715 titulus,
1159 2633 1204 2697 ita
1227 2636 1263 2697 ut
1285 2651 1347 2698 non
1367 2632 1429 2698 duo

200 2745 326 2811 diversa
341 2746 432 2811 unius
451 2747 661 2829 inscriptionis
682 2747 854 2813 habeamus
877 2746 1075 2829 exemplaria,
1098 2745 1154 2811 sed
1178 2762 1272 2810 unum
1295 2748 1429 2820 tantum,

198 2857 348 2939 conplura
374 2858 546 2940 inpediunt
592 2860 675 2924 Ante
703 2860 806 2926 omnia
829 2858 1046 2940 Oumanudes,
1074 2857 1127 2940 qui
1150 2856 1326 2922 Philistoris
1355 2856 1429 2920 titu-

196 2968 262 3032 lum
292 2968 518 3051 promulgavit,
547 2989 619 3035 cum
647 2971 772 3037 omnino
801 2990 863 3036 non
892 2970 967 3035 dicit
996 2989 1035 3036 ex
1056 2967 1217 3034 frustrulis
1239 2965 1428 3047 quibusdam

197 3078 325 3144 titulum
355 3098 388 3145 se
414 3076 625 3162 conposuisse
649 3087 717 3147 tum
738 3081 839 3147 nostri
860 3080 1028 3163 fragmenti
1050 3079 1238 3146 mentionem
1260 3076 1335 3144 facit
1363 3076 1430 3141 nul-

196 3190 269 3255 lam.
313 3191 443 3258 Accedit
464 3193 548 3272 quod
570 3193 603 3257 in
617 3193 734 3261 Pittah.
757 3192 932 3276 fragmento
956 3197 1070 3258 cuncta
1091 3189 1276 3257 sollennium
1299 3188 1427 3254 nomina

196 3300 229 3366 iu
248 3320 395 3367 versuum
417 3303 521 3384 initio,
544 3303 629 3369 aliud
652 3303 802 3371 adcurate
825 3306 934 3371 subter
954 3303 1043 3369 aliud
1064 3303 1190 3384 scripta,
1214 3300 1424 3396 invpniuntur.

197 3411 317 3478 Contra
339 3415 372 3478 in
393 3408 474 3479 Phil.
497 3416 546 3479 tit.
570 3417 661 3482 modo
684 3417 717 3481 in
739 3436 887 3483 versuum
908 3416 1006 3495 initio,
1030 3415 1122 3481 modo
1144 3414 1177 3479 in
1199 3413 1303 3480 medio
1325 3430 1429 3491 versu,

196 3525 290 3591 modo
312 3526 345 3590 in
367 3526 429 3593 line
450 3527 575 3610 sculpta
597 3533 680 3594 sunt.
718 3529 860 3610 Denique
882 3530 914 3593 in
936 3527 1016 3593 Phil.
1039 3527 1087 3592 111.
1111 3544 1174 3590 uno
1196 3542 1290 3590 versu
1313 3525 1428 3603 (1128)

197 3636 259 3701 duo
284 3638 483 3704 continentur
505 3637 657 3705 festorum
680 3641 807 3705 nomina
829 3658 1000 3720 eorumque
1022 3639 1240 3722 agonothetae,
1262 3636 1308 3700 ita

403 3747 541 3837 θησείων
564 3750 581 3811 ὁ
604 3751 775 3838 κοσμητής·
793 3746 989 3841 Ἀμφιεράων
1011 3749 1064 3814 Κλ.
1081 3743 1186 3834 ’Άπεμ

196 3856 315 3924 Contra
340 3859 469 3925 111Ρ111.
500 3858 610 3943 fragm.
640 3862 736 3927 iidem
766 3863 975 3944 agonothetae
1002 3880 1059 3944 per
1086 3859 1165 3926 duos
1189 3857 1336 3938 deinceps
1358 3875 1429 3924 uer·

196 3988 250 4035 sus
274 3975 497 4052 recensentur,
524 3970 551 4035 it
590 4002 595 4007 ·

609 4080 762 4171 Θησείων·
786 4083 803 4145 d
826 4083 985 4171 κοσμητής

606 4191 805 4280 Ἀμφιαράων
827 4193 880 4257 Κλ.
897 4188 1003 4280 ’idaea

228 4354 231 4361 .
282 4303 370 4383 Quae
398 4323 469 4371 cum
495 4305 542 4371 ita
568 4308 632 4371 sint
661 4307 791 4373 dubium
820 4325 881 4372 nou
912 4310 961 4371 est
990 4303 1115 4370 diversa
1150 4323 1219 4372 esse
1241 4304 1430 4388 exemplaria

196 4415 338 4486 eiusdem
360 4415 581 4497 inscriptionis.

280 4526 438 4610 Perquam
458 4533 563 4593 autem
584 4528 650 4594 veri
672 4533 721 4594 est
742 4529 843 4595 simile
866 4533 899 4594 11
921 4528 980 4595 hoc
1002 4527 1214 4610 fragmentum
1237 4533 1270 4593 et
1290 4529 1322 4594 id
1345 4528 1430 4611 quod

194 4637 228 4701 in
240 4635 314 4721 Cap.
328 4639 379 4703 ΙΙΙ
394 4637 436 4702 ad
449 4639 583 4704 eundem
594 4658 712 4705 annum
723 4644 867 4723 spectare
880 4639 1101 4722 demonstravi,
1113 4638 1166 4707 scl.
1176 4635 1241 4725 Ἐφ.
1254 4638 1324 4729 app.
1336 4643 1428 4720 3160,

1192 4743 1225 4798 ga
