3510 5304
875 388 1067 448 ..4-

356 569 426 632 erat
447 565 480 632 in
501 565 607 649 lapide
628 585 674 635 VS.
701 573 742 634 10
764 567 896 644 Acontea,
919 586 965 634 VS.
986 573 1025 635 13
1039 564 1215 657 Ἀντιοχιὸο.
1229 604 1269 615 -
1310 566 1361 633 Vc.
1380 569 1431 644 16,
1454 566 1518 634 001.
1534 567 1587 633 ΙΠ

356 676 424 743 sine
460 677 556 743 dubio
593 682 679 744 recte
719 679 951 762 supplevimus:
1000 675 1214 764 Χα[ρ]εισίου;
1265 677 1346 744 demi
1387 696 1498 744 nomen
1535 683 1587 744 est

352 783 611 875 ἈΙ[ωπεκῆι9εν];
634 789 720 871 quod
742 793 913 869 utrumque
935 807 973 854 eo
988 786 1202 868 confirmatur,
1226 788 1312 870 quod
1326 786 1474 853 familiam
1488 807 1585 871 quan-

354 897 427 962 dam
459 897 672 966 Charisiornm
704 898 779 965 huic
811 899 901 964 demo
937 900 1106 981 ascriptam
1138 896 1236 964 luisse
1269 899 1372 965 elucet
1400 917 1438 963 ex
1465 896 1528 962 Φιλ.
1559 900 1585 963 Ι.

356 1010 427 1088 384,
452 1014 481 1088 4,
512 1008 565 1075 ubi
586 1025 632 1074 vs.
656 1013 696 1073 76
720 1014 752 1075 et
781 1027 827 1074 vs.
852 1013 892 1072 77
916 1007 983 1075 Col.
1006 1010 1039 1074 II
1061 1009 1121 1075 sub
1154 1008 1239 1075 tribu
1263 1008 1447 1077 Antiochida
1480 1027 1585 1075 recen·

354 1123 465 1184 sentur
500 1119 612 1202 ephebi
648 1117 816 1205 Χαρείσιος
844 1117 1013 1205 Χαρεισίου
1040 1115 1175 1183 'Alma‘
1201 1123 1235 1185 et
1261 1116 1385 1204 Δίφιλος
1418 1118 1585 1206 Χαρεισίου

348 1226 570 1317 Ἀλωπεκῆθεν.
593 1267 635 1279 --

451 1356 502 1423 Vc.
528 1360 569 1422 16
592 1356 672 1436 (Col.
696 1359 759 1441 III)
782 1364 855 1442 post
877 1359 980 1426 tribus
1001 1377 1114 1426 nomen
1137 1364 1241 1425 exstat
1262 1363 1345 1437 ΤΑ;
1368 1364 1512 1442 spectant
1524 1359 1585 1425 hae
1638 1430 1642 1433 ,

355 1468 482 1534 litterae
504 1467 545 1533 ad
567 1488 693 1535 versum
716 1470 952 1537 antecedentem
967 1488 1004 1536 ac
1018 1474 1094 1536 sunt
1108 1470 1253 1537 demotici
1267 1470 1401 1536 nominis
1422 1469 1584 1552 reliquiae.

359 1578 434 1644 Sine
457 1577 553 1645 dubio
575 1580 607 1644 in
629 1597 724 1645 versu
749 1584 787 1645 15
811 1581 967 1647 demotico
990 1580 1156 1647 scribendo
1185 1582 1274 1649 locus
1301 1600 1364 1647 non
1392 1585 1478 1646 erat:
1511 1598 1587 1662 qua-

357 1694 516 1759 dratarius
538 1713 611 1759 cum
633 1695 778 1761 omittere
799 1694 897 1759 nollet
919 1693 1051 1776 sculpsit
1073 1698 1183 1776 supter
1203 1694 1329 1770 lineam,
1358 1692 1391 1758 id
1413 1692 1498 1773 quod
1519 1709 1586 1756 sae-

357 1805 428 1888 pius
450 1805 484 1869 in
505 1805 592 1871 hisce
615 1805 715 1872 titulis
739 1804 824 1872 cerni
845 1810 960 1887 potest,
983 1803 1082 1870 veluti
1103 1805 1143 1871 ob
1166 1805 1297 1870 eandem
1326 1821 1453 1870 causam
1474 1821 1520 1868 vs.
1546 1807 1585 1866 14

357 1967 574 2049 scriptumest
596 1915 907 2047 ΜΑΡΑΘΩΝΙό,
925 2001 962 2011 -—
988 1966 1078 2031 Demi
1093 1971 1199 2031 antem
1215 1984 1326 2031 nomen
1350 1966 1475 2031 videtur
1488 1964 1585 2029 fuisse

359 2080 514 2160 ΤΠΑῙ
533 2076 567 2142 id
588 2080 638 2139 est
659 2074 877 2155 compendium
899 2093 956 2156 pro
985 2075 1148 2163 Τιτακίὸης.
1170 2108 1214 2125 -

443 2205 549 2286 Atque
569 2204 647 2269 haec
668 2180 831 2285 hactenus
867 2202 1055 2285 Priusquam
1078 2209 1184 2269 autem
1203 2204 1313 2284 quanti
1335 2204 1446 2269 titulus
1462 2203 1506 2269 sit
1520 2221 1585 2269 mo·

356 2313 456 2379 menti
477 2312 737 2392 demonstremus,
759 2312 884 2393 singula
905 2313 1060 2394 quaedam
1082 2314 1221 2380 notanda
1245 2320 1328 2380 sunt.

446 2439 599 2505 Columna
622 2440 638 2505 Ι
660 2439 839 2506 continetur
868 2440 963 2507 index
984 2443 1149 2524 generalis,
1176 2443 1229 2510 scl.
1252 2444 1492 2527 magistratuum
1522 2463 1586 2509 ma-

362 2549 572 2632 gistrorumve
594 2549 730 2629 nomina,
761 2551 898 2632 exceptis
928 2550 1196 2632 subsophronistis
1211 2558 1244 2619 et
1258 2553 1500 2638 cestrophylace‚
1523 2572 1587 2620 una

359 2677 431 2725 cum
452 2658 708 2741 gymnasiarchis.
738 2657 802 2725 Ool.
816 2660 848 2724 ΙΙ
871 2660 1088 2744 complectitur
1111 2664 1381 2750 rporeyypdeoue
1402 2665 1422 2729 i.
1440 2685 1466 2732 e.
1490 2665 1586 2731 Athe·

359 2768 484 2834 nienses
507 2769 644 2849 ephebos
672 2774 743 2835 octo
771 2769 911 2850 priomm
941 2771 1081 2838 tribuum
1110 2773 1150 2839 ab
1178 2773 1387 2842 Erechtheide
1414 2794 1516 2859 usque
1546 2776 1585 2842 ad

360 2879 534 2959 Oineidem,
556 2898 650 2962 quam
674 2898 711 2945 ex
732 2885 841 2946 nostro
864 2881 1081 2964 supplemento
1104 2889 1280 2963 sequnntur
1308 2885 1586 2968 subsophronistae

360 2994 393 3055 et
414 2990 640 3072 cestrophylax.
674 3028 704 3038 -
750 2987 815 3056 Ool.
839 2989 889 3055 ΙΙΙ
919 2990 1054 3072 denique
1082 2991 1223 3058 continet
1249 2993 1387 3076 ephebos
1418 2995 1612 3061 Athenien-l

359 3118 411 3165 ses
441 3103 616 3165 ceterarum
643 3099 782 3181 quinque
811 3099 951 3165 tribuum
980 3105 1013 3166 et
1047 3098 1268 3188 ἐπεγγρᾶφους
1294 3103 1314 3168 i.
1343 3124 1369 3170 e.
1403 3106 1586 3188 peregrinos

352 3210 509 3292 ephebos.
533 3246 574 3256 —

453 3320 505 3384 Vs.
531 3323 558 3401 1,
581 3320 647 3386 Col.
672 3321 721 3386 ΙΙΙ
743 3321 775 3386 in
796 3320 901 3404 lapide
923 3325 1027 3387 exstat
1050 3320 1082 3403 θ,
1105 3322 1189 3403 quod
1212 3322 1364 3389 initialem
1379 3324 1519 3391 litteram
1533 3345 1586 3392 no·

360 3431 453 3496 minis
474 3432 594 3514 proprii
616 3431 779 3497 cuiusdam
801 3432 901 3498 fuisse
922 3433 1001 3498 haut
1022 3431 1115 3498 facile
1138 3433 1333 3512 crediderim,
1356 3455 1428 3502 curn
1448 3456 1512 3502 non
1534 3457 1585 3519 pa·

361 3547 436 3622 teat,
460 3561 516 3607 cur
537 3543 596 3608 hoc
617 3560 714 3607 unum
730 3560 843 3609 nomeu
858 3561 920 3608 non
936 3562 1006 3609 cum
1029 3544 1142 3610 ceteris
1164 3544 1246 3609 infra
1268 3546 1327 3612 sub
1349 3547 1434 3612 tribu
1457 3547 1587 3613 Oineide

360 3656 550 3719 recensitum
571 3643 676 3718 fuerit.
721 3653 851 3719 Accedit
875 3654 959 3735 qnod
988 3672 1034 3718 vs.
1060 3654 1088 3733 1,
1112 3654 1178 3719 Col.
1202 3654 1218 3719 Ι
1239 3654 1373 3722 formula
1397 3655 1486 3727 θἐοἲς
1513 3657 1586 3746 τύχη

359 3782 498 3847 prorsus
515 3762 600 3843 quod
612 3764 717 3843 sciam,
730 3768 779 3829 est
794 3763 962 3844 singularis
987 3762 1054 3846 (cfr.
1070 3764 1183 3844 Franz,
1199 3765 1237 3832 el.
1253 3764 1350 3850 epigr.
1366 3785 1437 3849 pag.
1455 3772 1527 3844 318,
1544 3773 1586 3845 7).

360 3875 472 3954 Itaque
505 3872 610 3938 nescio
645 3891 695 3954 an,
729 3878 875 3955 respecta
906 3873 1014 3938 littera
1049 3872 1126 3938 din
1149 3873 1214 3940 Col.
1238 3876 1297 3957 ΙΙΙ,
1329 3895 1375 3945 vs.
1401 3882 1415 3940 1
1439 3896 1498 3960 per
1523 3882 1587 3942 tres

360 3985 521 4050 columnas
549 3983 707 4067 sculptum
736 3983 832 4049 fuerit
860 3983 948 4053 θεοις
974 4006 1049 4071 rum
1073 3983 1162 4067 [ἀγα]
1188 3984 1287 4073 affl.
1315 4023 1359 4035 -
1407 3988 1588 4055 Formnlam

361 4093 436 4182 τύχῃ
460 4091 572 4181 ἀγαθῇ
592 4094 691 4159 habes
713 4093 809 4159 etiarn
832 4093 866 4158 0.
890 4094 915 4158 I.
937 4112 984 4175 gr.
1010 4093 1081 4160 378.
1106 4099 1198 4177 2525,
1222 4097 1252 4163 b.
1275 4133 1319 4144 —
1360 4098 1454 4177 Quod
1475 4119 1513 4165 ex
1535 4118 1587 4165 vo·

362 4203 473 4271 cabulo
497 4202 602 4292 dyodq
625 4200 718 4269 hodie
740 4204 817 4268 nihil
840 4210 985 4286 superest
1007 4205 1067 4270 nisi
1091 4203 1111 4267 θ
1132 4225 1193 4271 non
1217 4212 1266 4272 est
1287 4208 1410 4290 mirum,
1441 4228 1522 4291 cum,
1552 4214 1592 4275 ut.

359 4313 612 4399 Goriusfirmat,
635 4315 667 4378 in
689 4319 757 4380 toto
778 4315 884 4397 lapide
910 4314 1036 4380 litterae
1066 4315 1179 4381 »hodie
1209 4321 1368 4383 vetustate
1400 4317 1492 4385 valde
1507 4362 1509 4367 .
1524 4320 1591 4384 sint

359 4426 524 4492 detritae«
549 4463 590 4472 -
629 4425 773 4508 Denique
794 4442 902 4491 vocem
925 4447 1000 4513 τυχη
1024 4425 1128 4513 dyada)
1151 4444 1214 4491 non
1228 4431 1265 4492 nt
1278 4429 1503 4495 nominativum
1519 4448 1587 4496 esse

357 4535 602 4621 intellegendam
625 4536 703 4602 satis
727 4540 867 4602 constat:
890 4534 949 4602 hoc
965 4541 1104 4618 tempore
1116 4536 1180 4603 iota
1194 4542 1316 4604 mutum
1332 4539 1412 4605 solet
1427 4539 1587 4608 omitti.-
