<?xml version="1.0" encoding="UTF-8"?>
<!DOCTYPE html PUBLIC "-//W3C//DTD XHTML 1.0 Transitional//EN"
    "http://www.w3.org/TR/xhtml1/DTD/xhtml1-transitional.dtd">
<html xmlns="http://www.w3.org/1999/xhtml" xml:lang="en" lang="en">
 <head>
  <title>
</title>
<meta http-equiv="Content-Type" content="text/html;charset=utf-8" />
  <meta name='ocr-system' content='tesseract 3.04.00' />
  <meta name='ocr-capabilities' content='ocr_page ocr_carea ocr_par ocr_line ocrx_word'/>
</head>
<body>
  <div class='ocr_page' id='page_1' title='image "./commentationese01neubgoog_0132.png"; bbox 0 0 3490 5296; ppageno 0'>
   <div class='ocr_carea' id='block_1_1' title="bbox 661 421 897 482">
    <p class='ocr_par' dir='ltr' id='par_1_1' title="bbox 661 421 897 482">
     <span class='ocr_line' id='line_1_1' title="bbox 661 421 897 482; baseline 0 0"><span class='ocrx_word' id='word_1_1' title='bbox 661 421 897 482; x_wconf 79' lang='lat'>-121—</span> 
     </span>
    </p>
   </div>
   <div class='ocr_carea' id='block_1_2' title="bbox 158 600 1396 1027">
    <p class='ocr_par' dir='ltr' id='par_1_2' title="bbox 158 600 1396 1027">
     <span class='ocr_line' id='line_1_2' title="bbox 161 600 1395 693; baseline -0.008 -17"><span class='ocrx_word' id='word_1_2' title='bbox 161 610 232 693; x_wconf 88' lang='lat' dir='ltr'>ipso</span> <span class='ocrx_word' id='word_1_3' title='bbox 256 628 353 675; x_wconf 92' lang='lat' dir='ltr'>anno:</span> <span class='ocrx_word' id='word_1_4' title='bbox 376 608 483 690; x_wconf 89' lang='lat' dir='ltr'>itaque</span> <span class='ocrx_word' id='word_1_5' title='bbox 504 606 556 672; x_wconf 90' lang='lat' dir='ltr'>hic</span> <span class='ocrx_word' id='word_1_6' title='bbox 579 626 616 674; x_wconf 88' lang='lat' dir='ltr'>ex</span> <span class='ocrx_word' id='word_1_7' title='bbox 637 603 909 688; x_wconf 84' lang='lat' dir='ltr'>hypopaedotriba</span> <span class='ocrx_word' id='word_1_8' title='bbox 933 602 996 668; x_wconf 87' lang='lat' dir='ltr'>iarn</span> <span class='ocrx_word' id='word_1_9' title='bbox 1012 600 1114 667; x_wconf 85' lang='lat' dir='ltr'>factus</span> <span class='ocrx_word' id='word_1_10' title='bbox 1129 601 1312 682; x_wconf 80' lang='lat' dir='ltr'><strong>paedotriba</strong></span> <span class='ocrx_word' id='word_1_11' title='bbox 1325 619 1395 684; x_wconf 87' lang='lat' dir='ltr'>por·</span> 
     </span>
     <span class='ocr_line' id='line_1_3' title="bbox 163 704 1396 802; baseline -0.006 -16"><span class='ocrx_word' id='word_1_12' title='bbox 163 726 285 802; x_wconf 90' lang='lat' dir='ltr'>petuus</span> <span class='ocrx_word' id='word_1_13' title='bbox 308 704 396 786; x_wconf 90' lang='lat' dir='ltr'>eradi</span> <span class='ocrx_word' id='word_1_14' title='bbox 417 719 509 785; x_wconf 90' lang='lat' dir='ltr'>iussit</span> <span class='ocrx_word' id='word_1_15' title='bbox 531 718 608 785; x_wconf 91' lang='lat' dir='ltr'>illud</span> <span class='ocrx_word' id='word_1_16' title='bbox 632 718 690 780; x_wconf 80' lang='grc' dir='ltr'>ὑπο</span> <span class='ocrx_word' id='word_1_17' title='bbox 713 721 745 783; x_wconf 90' lang='lat' dir='ltr'>et</span> <span class='ocrx_word' id='word_1_18' title='bbox 767 715 904 782; x_wconf 85' lang='lat' dir='ltr'>adscribi</span> <span class='ocrx_word' id='word_1_19' title='bbox 926 714 1002 779; x_wconf 91' lang='lat' dir='ltr'>illud</span> <span class='ocrx_word' id='word_1_20' title='bbox 1026 712 1076 776; x_wconf 77' lang='grc' dir='ltr'>διὰ</span> <span class='ocrx_word' id='word_1_21' title='bbox 1089 711 1173 796; x_wconf 80' lang='grc' dir='ltr'><strong><em>βίου.</em></strong></span> <span class='ocrx_word' id='word_1_22' title='bbox 1213 714 1316 796; x_wconf 85' lang='lat' dir='ltr'>Atque</span> <span class='ocrx_word' id='word_1_23' title='bbox 1337 712 1396 778; x_wconf 90' lang='lat' dir='ltr'>hac</span> 
     </span>
     <span class='ocr_line' id='line_1_4' title="bbox 161 823 1396 915; baseline -0.008 -18"><span class='ocrx_word' id='word_1_24' title='bbox 161 833 231 915; x_wconf 88' lang='lat' dir='ltr'>ipsa</span> <span class='ocrx_word' id='word_1_25' title='bbox 253 852 288 898; x_wconf 91' lang='lat' dir='ltr'>re</span> <span class='ocrx_word' id='word_1_26' title='bbox 310 833 529 915; x_wconf 77' lang='lat' dir='ltr'><strong>conprobatur,</strong></span> <span class='ocrx_word' id='word_1_27' title='bbox 552 829 636 914; x_wconf 87' lang='lat' dir='ltr'>quod</span> <span class='ocrx_word' id='word_1_28' title='bbox 658 847 755 910; x_wconf 89' lang='lat' dir='ltr'>supra</span> <span class='ocrx_word' id='word_1_29' title='bbox 777 828 846 894; x_wconf 89' lang='lat' dir='ltr'>aliis</span> <span class='ocrx_word' id='word_1_30' title='bbox 867 847 905 892; x_wconf 86' lang='lat' dir='ltr'>ex</span> <span class='ocrx_word' id='word_1_31' title='bbox 928 825 1031 893; x_wconf 89' lang='lat' dir='ltr'>causis</span> <span class='ocrx_word' id='word_1_32' title='bbox 1054 825 1245 909; x_wconf 67' lang='lat' dir='ltr'>collegimus</span> <span class='ocrx_word' id='word_1_33' title='bbox 1268 823 1396 890; x_wconf 89' lang='lat' dir='ltr'>titulum</span> 
     </span>
     <span class='ocr_line' id='line_1_5' title="bbox 158 940 1162 1027; baseline -0.005 -19"><span class='ocrx_word' id='word_1_34' title='bbox 158 962 222 1009; x_wconf 92' lang='lat' dir='ltr'>non</span> <span class='ocrx_word' id='word_1_35' title='bbox 247 944 279 1009; x_wconf 93' lang='lat' dir='ltr'>in</span> <span class='ocrx_word' id='word_1_36' title='bbox 302 942 363 1009; x_wconf 92' lang='lat' dir='ltr'>fine</span> <span class='ocrx_word' id='word_1_37' title='bbox 386 942 527 1027; x_wconf 87' lang='lat' dir='ltr'>ephebici</span> <span class='ocrx_word' id='word_1_38' title='bbox 549 940 631 1007; x_wconf 90' lang='lat' dir='ltr'>illius</span> <span class='ocrx_word' id='word_1_39' title='bbox 654 941 728 1006; x_wconf 92' lang='lat' dir='ltr'>anni</span> <span class='ocrx_word' id='word_1_40' title='bbox 750 940 946 1020; x_wconf 89' lang='lat' dir='ltr'>conpositum</span> <span class='ocrx_word' id='word_1_41' title='bbox 970 956 1039 1003; x_wconf 89' lang='lat' dir='ltr'>esse</span> <span class='ocrx_word' id='word_1_42' title='bbox 1060 955 1162 1021; x_wconf 87' lang='lat' dir='ltr'>posse.</span> 
     </span>
    </p>
   </div>
   <div class='ocr_carea' id='block_1_3' title="bbox 160 1067 1396 1828">
    <p class='ocr_par' dir='ltr' id='par_1_3' title="bbox 160 1067 1396 1251">
     <span class='ocr_line' id='line_1_6' title="bbox 250 1067 1396 1154; baseline -0.005 -16"><span class='ocrx_word' id='word_1_43' title='bbox 250 1072 342 1137; x_wconf 84' lang='lat' dir='ltr'>Anno</span> <span class='ocrx_word' id='word_1_44' title='bbox 364 1090 438 1154; x_wconf 81' lang='lat' dir='ltr'>ergo</span> <span class='ocrx_word' id='word_1_45' title='bbox 464 1076 523 1136; x_wconf 87' lang='grc'>192</span> <span class='ocrx_word' id='word_1_46' title='bbox 546 1070 732 1154; x_wconf 83' lang='lat' dir='ltr'>paedotriba</span> <span class='ocrx_word' id='word_1_47' title='bbox 754 1073 925 1152; x_wconf 90' lang='lat' dir='ltr'>perpetuus</span> <span class='ocrx_word' id='word_1_48' title='bbox 940 1067 1109 1150; x_wconf 82' lang='lat' dir='ltr'>Epictetus</span> <span class='ocrx_word' id='word_1_49' title='bbox 1131 1067 1198 1133; x_wconf 93' lang='lat' dir='ltr'>obit</span> <span class='ocrx_word' id='word_1_50' title='bbox 1219 1067 1251 1132; x_wconf 93' lang='lat' dir='ltr'>in</span> <span class='ocrx_word' id='word_1_51' title='bbox 1267 1067 1396 1148; x_wconf 88' lang='lat' dir='ltr'>eiusque</span> 
     </span>
     <span class='ocr_line' id='line_1_7' title="bbox 160 1164 860 1251; baseline 0 -4"><span class='ocrx_word' id='word_1_52' title='bbox 160 1183 266 1251; x_wconf 90' lang='lat' dir='ltr'>locum</span> <span class='ocrx_word' id='word_1_53' title='bbox 284 1184 427 1251; x_wconf 85' lang='lat' dir='ltr'>succedit</span> <span class='ocrx_word' id='word_1_54' title='bbox 449 1184 658 1250; x_wconf 79' lang='lat' dir='ltr'>Nicostratus</span> <span class='ocrx_word' id='word_1_55' title='bbox 858 1164 860 1167; x_wconf 47' lang='grc'>’</span> 
     </span>
    </p>

    <p class='ocr_par' dir='ltr' id='par_1_4' title="bbox 160 1292 1396 1828">
     <span class='ocr_line' id='line_1_8' title="bbox 246 1292 1395 1375; baseline -0.003 -14"><span class='ocrx_word' id='word_1_56' title='bbox 246 1296 396 1364; x_wconf 89' lang='lat' dir='ltr'>Redimus</span> <span class='ocrx_word' id='word_1_57' title='bbox 408 1296 449 1363; x_wconf 90' lang='lat' dir='ltr'>ad</span> <span class='ocrx_word' id='word_1_58' title='bbox 462 1295 496 1361; x_wconf 84' lang='lat' dir='ltr'>O.</span> <span class='ocrx_word' id='word_1_59' title='bbox 507 1297 613 1361; x_wconf 82' lang='grc'>1246.</span> <span class='ocrx_word' id='word_1_60' title='bbox 638 1295 751 1361; x_wconf 89' lang='lat' dir='ltr'>Restat</span> <span class='ocrx_word' id='word_1_61' title='bbox 763 1293 926 1360; x_wconf 89' lang='lat' dir='ltr'>columnae</span> <span class='ocrx_word' id='word_1_62' title='bbox 939 1294 972 1359; x_wconf 94' lang='grc' dir='ltr'>ΙΙ</span> <span class='ocrx_word' id='word_1_63' title='bbox 982 1294 1083 1360; x_wconf 88' lang='lat' dir='ltr'>altera</span> <span class='ocrx_word' id='word_1_64' title='bbox 1093 1311 1167 1374; x_wconf 88' lang='lat' dir='ltr'>pars</span> <span class='ocrx_word' id='word_1_65' title='bbox 1180 1294 1238 1374; x_wconf 87' lang='lat' dir='ltr'>(vs.</span> <span class='ocrx_word' id='word_1_66' title='bbox 1248 1292 1395 1375; x_wconf 83' lang='grc'>20-35),</span> 
     </span>
     <span class='ocr_line' id='line_1_9' title="bbox 160 1403 1396 1492; baseline -0.006 -17"><span class='ocrx_word' id='word_1_67' title='bbox 160 1427 222 1492; x_wconf 87' lang='lat' dir='ltr'>qua</span> <span class='ocrx_word' id='word_1_68' title='bbox 246 1411 344 1476; x_wconf 87' lang='lat' dir='ltr'>tertia</span> <span class='ocrx_word' id='word_1_69' title='bbox 360 1411 537 1477; x_wconf 84' lang='lat' dir='ltr'>continetur</span> <span class='ocrx_word' id='word_1_70' title='bbox 551 1409 724 1491; x_wconf 84' lang='lat' dir='ltr'>inscriptio,</span> <span class='ocrx_word' id='word_1_71' title='bbox 747 1425 828 1489; x_wconf 89' lang='lat' dir='ltr'>quae</span> <span class='ocrx_word' id='word_1_72' title='bbox 843 1408 912 1490; x_wconf 92' lang='lat' dir='ltr'>ipsa</span> <span class='ocrx_word' id='word_1_73' title='bbox 929 1406 1013 1488; x_wconf 92' lang='lat' dir='ltr'>apud</span> <span class='ocrx_word' id='word_1_74' title='bbox 1028 1406 1229 1472; x_wconf 85' lang='lat' dir='ltr'>Pittahisium</span> <span class='ocrx_word' id='word_1_75' title='bbox 1244 1405 1265 1470; x_wconf 89' lang='lat' dir='ltr'>l.</span> <span class='ocrx_word' id='word_1_76' title='bbox 1281 1403 1301 1468; x_wconf 91' lang='lat' dir='ltr'>l.</span> <span class='ocrx_word' id='word_1_77' title='bbox 1318 1403 1396 1469; x_wconf 90' lang='lat' dir='ltr'>latet</span> 
     </span>
     <span class='ocr_line' id='line_1_10' title="bbox 160 1516 1395 1605; baseline -0.005 -19"><span class='ocrx_word' id='word_1_78' title='bbox 160 1521 297 1588; x_wconf 83' lang='lat' dir='ltr'>sortasse</span> <span class='ocrx_word' id='word_1_79' title='bbox 320 1522 379 1588; x_wconf 89' lang='lat' dir='ltr'>sub</span> <span class='ocrx_word' id='word_1_80' title='bbox 401 1539 451 1587; x_wconf 86' lang='lat' dir='ltr'>no.</span> <span class='ocrx_word' id='word_1_81' title='bbox 470 1526 498 1597; x_wconf 81' lang='lat'>5,</span> <span class='ocrx_word' id='word_1_82' title='bbox 520 1521 575 1586; x_wconf 89' lang='lat' dir='ltr'>ubi</span> <span class='ocrx_word' id='word_1_83' title='bbox 596 1538 716 1603; x_wconf 82' lang='lat' dir='ltr'>paucae</span> <span class='ocrx_word' id='word_1_84' title='bbox 739 1520 863 1585; x_wconf 89' lang='lat' dir='ltr'>litterae</span> <span class='ocrx_word' id='word_1_85' title='bbox 878 1524 1010 1585; x_wconf 89' lang='lat' dir='ltr'>restant.</span> <span class='ocrx_word' id='word_1_86' title='bbox 1048 1519 1118 1597; x_wconf 78' lang='lat' dir='ltr'>Qua</span> <span class='ocrx_word' id='word_1_87' title='bbox 1133 1518 1164 1583; x_wconf 92' lang='lat' dir='ltr'>in</span> <span class='ocrx_word' id='word_1_88' title='bbox 1179 1516 1395 1605; x_wconf 84' lang='lat' dir='ltr'>inscriptione,</span> 
     </span>
     <span class='ocr_line' id='line_1_11' title="bbox 161 1629 1395 1717; baseline -0.005 -19"><span class='ocrx_word' id='word_1_89' title='bbox 161 1634 287 1715; x_wconf 88' lang='lat' dir='ltr'>qualem</span> <span class='ocrx_word' id='word_1_90' title='bbox 310 1633 437 1717; x_wconf 89' lang='lat' dir='ltr'>quidem</span> <span class='ocrx_word' id='word_1_91' title='bbox 452 1631 629 1698; x_wconf 88' lang='lat' dir='ltr'>Boeckhius</span> <span class='ocrx_word' id='word_1_92' title='bbox 651 1632 835 1712; x_wconf 87' lang='lat' dir='ltr'>restituerit,</span> <span class='ocrx_word' id='word_1_93' title='bbox 858 1632 948 1698; x_wconf 90' lang='lat' dir='ltr'>nobis</span> <span class='ocrx_word' id='word_1_94' title='bbox 971 1629 1235 1712; x_wconf 87' lang='lat' dir='ltr'>adquiescendum</span> <span class='ocrx_word' id='word_1_95' title='bbox 1260 1629 1395 1708; x_wconf 85' lang='lat' dir='ltr'>videtur,</span> 
     </span>
     <span class='ocr_line' id='line_1_12' title="bbox 162 1743 889 1828; baseline 0.003 -20"><span class='ocrx_word' id='word_1_96' title='bbox 162 1743 260 1811; x_wconf 91' lang='lat' dir='ltr'>donec</span> <span class='ocrx_word' id='word_1_97' title='bbox 283 1745 468 1812; x_wconf 87' lang='lat' dir='ltr'>adcuratius</span> <span class='ocrx_word' id='word_1_98' title='bbox 490 1745 704 1828; x_wconf 81' lang='lat' dir='ltr'>apographum</span> <span class='ocrx_word' id='word_1_99' title='bbox 725 1744 889 1811; x_wconf 88' lang='lat' dir='ltr'>habeatur.</span> 
     </span>
    </p>
   </div>
   <div class='ocr_carea' id='block_1_4' title="bbox 159 1872 1394 2869">
    <p class='ocr_par' dir='ltr' id='par_1_5' title="bbox 160 1872 1392 2163">
     <span class='ocr_line' id='line_1_13' title="bbox 248 1872 1392 1956; baseline -0.002 -18"><span class='ocrx_word' id='word_1_100' title='bbox 248 1874 347 1940; x_wconf 89' lang='lat' dir='ltr'>Recte</span> <span class='ocrx_word' id='word_1_101' title='bbox 374 1874 442 1939; x_wconf 88' lang='lat' dir='ltr'>sine</span> <span class='ocrx_word' id='word_1_102' title='bbox 472 1874 566 1940; x_wconf 93' lang='lat' dir='ltr'>dubio</span> <span class='ocrx_word' id='word_1_103' title='bbox 594 1874 771 1941; x_wconf 86' lang='lat' dir='ltr'>Boeckhius</span> <span class='ocrx_word' id='word_1_104' title='bbox 799 1873 898 1940; x_wconf 86' lang='lat' dir='ltr'>voluit</span> <span class='ocrx_word' id='word_1_105' title='bbox 925 1872 1090 1939; x_wconf 91' lang='lat' dir='ltr'>manifesto</span> <span class='ocrx_word' id='word_1_106' title='bbox 1117 1892 1163 1939; x_wconf 78' lang='lat' dir='ltr'>vs,</span> <span class='ocrx_word' id='word_1_107' title='bbox 1186 1878 1204 1937; x_wconf 83' lang='lat'><strong>2</strong></span> <span class='ocrx_word' id='word_1_108' title='bbox 1235 1872 1392 1956; x_wconf 82' lang='lat' dir='ltr'>designari</span> 
     </span>
     <span class='ocr_line' id='line_1_14' title="bbox 160 1982 1391 2069; baseline 0 -19"><span class='ocrx_word' id='word_1_109' title='bbox 160 1986 342 2052; x_wconf 88' lang='lat' dir='ltr'>archontem</span> <span class='ocrx_word' id='word_1_110' title='bbox 366 2005 562 2069; x_wconf 85' lang='lat' dir='ltr'>eponymum,</span> <span class='ocrx_word' id='word_1_111' title='bbox 585 2003 688 2067; x_wconf 89' lang='lat' dir='ltr'>neque</span> <span class='ocrx_word' id='word_1_112' title='bbox 710 1986 813 2051; x_wconf 92' lang='lat' dir='ltr'>minus</span> <span class='ocrx_word' id='word_1_113' title='bbox 836 1991 922 2053; x_wconf 89' lang='lat' dir='ltr'>recta</span> <span class='ocrx_word' id='word_1_114' title='bbox 945 1985 1069 2051; x_wconf 85' lang='lat' dir='ltr'>videtur</span> <span class='ocrx_word' id='word_1_115' title='bbox 1092 2002 1160 2051; x_wconf 88' lang='lat' dir='ltr'>esse</span> <span class='ocrx_word' id='word_1_116' title='bbox 1184 1982 1323 2050; x_wconf 89' lang='lat' dir='ltr'>eiusdem</span> <span class='ocrx_word' id='word_1_117' title='bbox 1346 2002 1391 2050; x_wconf 91' lang='lat' dir='ltr'>re·</span> 
     </span>
     <span class='ocr_line' id='line_1_15' title="bbox 161 2098 470 2163; baseline 0.006 -3"><span class='ocrx_word' id='word_1_118' title='bbox 161 2098 286 2163; x_wconf 89' lang='lat' dir='ltr'>stitutio</span> <span class='ocrx_word' id='word_1_119' title='bbox 309 2115 354 2162; x_wconf 74' lang='lat' dir='ltr'>us,</span> <span class='ocrx_word' id='word_1_120' title='bbox 372 2102 470 2163; x_wconf 84' lang='lat'><strong>2-3:</strong></span> 
     </span>
    </p>

    <p class='ocr_par' dir='ltr' id='par_1_6' title="bbox 330 2203 1220 2407">
     <span class='ocr_line' id='line_1_16' title="bbox 330 2203 1220 2301; baseline 0.003 -29"><span class='ocrx_word' id='word_1_121' title='bbox 330 2203 441 2297; x_wconf 64' lang='grc' dir='ltr'><em>Ἠρχεν</em></span> <span class='ocrx_word' id='word_1_122' title='bbox 464 2209 481 2271; x_wconf 80' lang='grc' dir='ltr'><em>ὃ</em></span> <span class='ocrx_word' id='word_1_123' title='bbox 506 2208 684 2297; x_wconf 59' lang='grc' dir='ltr'><em>Μηνογένης</em></span> <span class='ocrx_word' id='word_1_124' title='bbox 707 2207 804 2293; x_wconf 73' lang='grc' dir='ltr'><strong><em>[μέν],</em></strong></span> <span class='ocrx_word' id='word_1_125' title='bbox 828 2208 1018 2300; x_wconf 57' lang='lat' dir='ltr'>excerebrans</span> <span class='ocrx_word' id='word_1_126' title='bbox 1040 2207 1220 2301; x_wconf 76' lang='grc' dir='ltr'><em>δ’ἐφὴβων</em></span> 
     </span>
     <span class='ocr_line' id='line_1_17' title="bbox 338 2320 602 2407; baseline 0 -23"><span class='ocrx_word' id='word_1_127' title='bbox 338 2320 520 2407; x_wconf 82' lang='grc' dir='ltr'><em>Μάρκελλος</em></span> <span class='ocrx_word' id='word_1_128' title='bbox 541 2322 602 2385; x_wconf 78' lang='grc' dir='ltr'>κτλ.</span> 
     </span>
    </p>

    <p class='ocr_par' dir='ltr' id='par_1_7' title="bbox 159 2448 1394 2869">
     <span class='ocr_line' id='line_1_18' title="bbox 248 2448 1394 2533; baseline 0.002 -20"><span class='ocrx_word' id='word_1_129' title='bbox 248 2448 397 2514; x_wconf 84' lang='lat' dir='ltr'>Ceterum</span> <span class='ocrx_word' id='word_1_130' title='bbox 426 2449 503 2514; x_wconf 87' lang='lat' dir='ltr'>nihil</span> <span class='ocrx_word' id='word_1_131' title='bbox 532 2451 634 2516; x_wconf 92' lang='lat' dir='ltr'>habeo</span> <span class='ocrx_word' id='word_1_132' title='bbox 662 2450 746 2533; x_wconf 90' lang='lat' dir='ltr'>quod</span> <span class='ocrx_word' id='word_1_133' title='bbox 776 2450 926 2517; x_wconf 87' lang='lat' dir='ltr'>Boeckhii</span> <span class='ocrx_word' id='word_1_134' title='bbox 953 2452 1163 2519; x_wconf 78' lang='lat' dir='ltr'>emendaboni</span> <span class='ocrx_word' id='word_1_135' title='bbox 1192 2456 1247 2517; x_wconf 87' lang='lat' dir='ltr'>aut</span> <span class='ocrx_word' id='word_1_136' title='bbox 1279 2450 1394 2517; x_wconf 92' lang='lat' dir='ltr'>addam</span> 
     </span>
     <span class='ocr_line' id='line_1_19' title="bbox 159 2561 1393 2645; baseline 0 -18"><span class='ocrx_word' id='word_1_137' title='bbox 159 2566 218 2627; x_wconf 89' lang='lat' dir='ltr'>aut</span> <span class='ocrx_word' id='word_1_138' title='bbox 242 2561 422 2637; x_wconf 81' lang='lat' dir='ltr'>detraham3</span> <span class='ocrx_word' id='word_1_139' title='bbox 450 2563 558 2645; x_wconf 90' lang='lat' dir='ltr'>itaque</span> <span class='ocrx_word' id='word_1_140' title='bbox 581 2582 650 2629; x_wconf 93' lang='lat' dir='ltr'>eam</span> <span class='ocrx_word' id='word_1_141' title='bbox 672 2568 794 2644; x_wconf 89' lang='lat' dir='ltr'>partem</span> <span class='ocrx_word' id='word_1_142' title='bbox 815 2565 877 2630; x_wconf 90' lang='lat' dir='ltr'>huc</span> <span class='ocrx_word' id='word_1_143' title='bbox 899 2583 960 2629; x_wconf 92' lang='lat' dir='ltr'>non</span> <span class='ocrx_word' id='word_1_144' title='bbox 984 2563 1136 2630; x_wconf 89' lang='lat' dir='ltr'>describo.</span> <span class='ocrx_word' id='word_1_145' title='bbox 1182 2562 1245 2628; x_wconf 84' lang='lat' dir='ltr'>Sed</span> <span class='ocrx_word' id='word_1_146' title='bbox 1272 2566 1393 2628; x_wconf 85' lang='lat' dir='ltr'>restant</span> 
     </span>
     <span class='ocr_line' id='line_1_20' title="bbox 160 2673 1393 2758; baseline 0.002 -20"><span class='ocrx_word' id='word_1_147' title='bbox 160 2673 317 2756; x_wconf 89' lang='lat' dir='ltr'>quaedam</span> <span class='ocrx_word' id='word_1_148' title='bbox 341 2674 624 2740; x_wconf 89' lang='lat' dir='ltr'>conmemoratione</span> <span class='ocrx_word' id='word_1_149' title='bbox 646 2675 749 2757; x_wconf 79' lang='lat' dir='ltr'>digna.</span> <span class='ocrx_word' id='word_1_150' title='bbox 795 2676 972 2741; x_wconf 89' lang='lat' dir='ltr'>Boeckhius</span> <span class='ocrx_word' id='word_1_151' title='bbox 994 2676 1061 2758; x_wconf 94' lang='lat' dir='ltr'>ipse</span> <span class='ocrx_word' id='word_1_152' title='bbox 1091 2674 1237 2741; x_wconf 88' lang='lat' dir='ltr'>adnotat:</span> <span class='ocrx_word' id='word_1_153' title='bbox 1269 2675 1393 2740; x_wconf 71' lang='lat' dir='ltr'>»Ascle</span> 
     </span>
     <span class='ocr_line' id='line_1_21' title="bbox 163 2784 1394 2869; baseline 0.003 -22"><span class='ocrx_word' id='word_1_154' title='bbox 163 2784 277 2867; x_wconf 90' lang='lat' dir='ltr'>piades</span> <span class='ocrx_word' id='word_1_155' title='bbox 300 2789 332 2849; x_wconf 88' lang='lat' dir='ltr'>et</span> <span class='ocrx_word' id='word_1_156' title='bbox 355 2785 528 2849; x_wconf 74' lang='lat' dir='ltr'>Maximus«</span> <span class='ocrx_word' id='word_1_157' title='bbox 553 2821 596 2831; x_wconf 92' lang='lat'>—</span> <span class='ocrx_word' id='word_1_158' title='bbox 619 2786 673 2868; x_wconf 90' lang='lat' dir='ltr'>qui</span> <span class='ocrx_word' id='word_1_159' title='bbox 696 2785 809 2868; x_wconf 85' lang='lat' dir='ltr'>ephebi</span> <span class='ocrx_word' id='word_1_160' title='bbox 832 2787 864 2850; x_wconf 94' lang='lat' dir='ltr'>in</span> <span class='ocrx_word' id='word_1_161' title='bbox 889 2786 1091 2869; x_wconf 89' lang='lat' dir='ltr'>inscriptione</span> <span class='ocrx_word' id='word_1_162' title='bbox 1117 2792 1331 2852; x_wconf 91' lang='lat' dir='ltr'>memorantur</span> <span class='ocrx_word' id='word_1_163' title='bbox 1353 2821 1394 2832; x_wconf 93' lang='lat'>-</span> 
     </span>
    </p>
   </div>
   <div class='ocr_carea' id='block_1_5' title="bbox 162 2894 1513 2981">
    <p class='ocr_par' dir='ltr' id='par_1_8' title="bbox 162 2894 1513 2981">
     <span class='ocr_line' id='line_1_22' title="bbox 162 2894 1513 2981; baseline 0.001 -21"><span class='ocrx_word' id='word_1_164' title='bbox 162 2894 301 2962; x_wconf 79' lang='lat' dir='ltr'>»debent</span> <span class='ocrx_word' id='word_1_165' title='bbox 322 2895 417 2961; x_wconf 91' lang='lat' dir='ltr'>iidem</span> <span class='ocrx_word' id='word_1_166' title='bbox 438 2897 547 2963; x_wconf 86' lang='lat' dir='ltr'>haberi</span> <span class='ocrx_word' id='word_1_167' title='bbox 567 2898 621 2979; x_wconf 89' lang='lat' dir='ltr'>qui</span> <span class='ocrx_word' id='word_1_168' title='bbox 637 2918 666 2963; x_wconf 92' lang='lat' dir='ltr'>n.</span> <span class='ocrx_word' id='word_1_169' title='bbox 684 2903 745 2962; x_wconf 80' lang='lat'>245</span> <span class='ocrx_word' id='word_1_170' title='bbox 769 2898 816 2981; x_wconf 84' lang='grc' dir='ltr'>(Ο.</span> <span class='ocrx_word' id='word_1_171' title='bbox 833 2899 879 2981; x_wconf 84' lang='lat' dir='ltr'>l).</span> <span class='ocrx_word' id='word_1_172' title='bbox 914 2900 956 2964; x_wconf 89' lang='lat' dir='ltr'>Et</span> <span class='ocrx_word' id='word_1_173' title='bbox 971 2899 1127 2964; x_wconf 84' lang='lat' dir='ltr'>Maximus</span> <span class='ocrx_word' id='word_1_174' title='bbox 1147 2899 1274 2980; x_wconf 91' lang='lat' dir='ltr'>quidem</span> <span class='ocrx_word' id='word_1_175' title='bbox 1289 2917 1318 2963; x_wconf 91' lang='lat' dir='ltr'>n.</span> <span class='ocrx_word' id='word_1_176' title='bbox 1332 2901 1394 2962; x_wconf 87' lang='grc'>245</span> <span class='ocrx_word' id='word_1_177' title='bbox 1506 2926 1513 2937; x_wconf 87' lang='grc'><em>·</em></span> 
     </span>
    </p>
   </div>
   <div class='ocr_carea' id='block_1_6' title="bbox 160 3005 1395 3223">
    <p class='ocr_par' dir='ltr' id='par_1_9' title="bbox 160 3005 1395 3223">
     <span class='ocr_line' id='line_1_23' title="bbox 160 3005 1395 3113; baseline 0.001 -24"><span class='ocrx_word' id='word_1_178' title='bbox 160 3022 219 3090; x_wconf 90' lang='lat' dir='ltr'>col.</span> <span class='ocrx_word' id='word_1_179' title='bbox 236 3024 286 3088; x_wconf 94' lang='grc' dir='ltr'>ΙΙΙ</span> <span class='ocrx_word' id='word_1_180' title='bbox 308 3041 353 3089; x_wconf 85' lang='lat' dir='ltr'>vs.</span> <span class='ocrx_word' id='word_1_181' title='bbox 372 3029 389 3088; x_wconf 88' lang='lat'>5</span> <span class='ocrx_word' id='word_1_182' title='bbox 413 3025 488 3090; x_wconf 88' lang='lat' dir='ltr'>vicit</span> <span class='ocrx_word' id='word_1_183' title='bbox 509 3005 540 3087; x_wconf 67' lang='lat' dir='ltr'><em>F</em></span> <span class='ocrx_word' id='word_1_184' title='bbox 557 3026 667 3113; x_wconf 69' lang='lat' dir='ltr'>adips,</span> <span class='ocrx_word' id='word_1_185' title='bbox 691 3027 765 3092; x_wconf 91' lang='lat' dir='ltr'>item</span> <span class='ocrx_word' id='word_1_186' title='bbox 782 3028 838 3093; x_wconf 91' lang='lat' dir='ltr'>col.</span> <span class='ocrx_word' id='word_1_187' title='bbox 851 3028 901 3092; x_wconf 93' lang='lat' dir='ltr'>Ill</span> <span class='ocrx_word' id='word_1_188' title='bbox 916 3046 961 3092; x_wconf 87' lang='lat' dir='ltr'>vs.</span> <span class='ocrx_word' id='word_1_189' title='bbox 976 3032 1016 3091; x_wconf 83' lang='lat'>22</span> <span class='ocrx_word' id='word_1_190' title='bbox 1032 3027 1063 3092; x_wconf 93' lang='lat' dir='ltr'>in</span> <span class='ocrx_word' id='word_1_191' title='bbox 1079 3028 1262 3102; x_wconf 82' lang='lat' dir='ltr'>Athenaeis3</span> <span class='ocrx_word' id='word_1_192' title='bbox 1285 3025 1395 3107; x_wconf 88' lang='lat' dir='ltr'>quidni</span> 
     </span>
     <span class='ocr_line' id='line_1_24' title="bbox 160 3132 1395 3223; baseline 0.003 -25"><span class='ocrx_word' id='word_1_193' title='bbox 160 3132 278 3199; x_wconf 89' lang='lat' dir='ltr'>ibidem</span> <span class='ocrx_word' id='word_1_194' title='bbox 300 3133 332 3199; x_wconf 91' lang='lat' dir='ltr'>in</span> <span class='ocrx_word' id='word_1_195' title='bbox 347 3134 637 3216; x_wconf 90' lang='lat' dir='ltr'>Philadelphiorum</span> <span class='ocrx_word' id='word_1_196' title='bbox 658 3138 839 3215; x_wconf 89' lang='lat' dir='ltr'>victoribus,</span> <span class='ocrx_word' id='word_1_197' title='bbox 861 3156 994 3223; x_wconf 89' lang='lat' dir='ltr'>quorum</span> <span class='ocrx_word' id='word_1_198' title='bbox 1016 3140 1142 3205; x_wconf 88' lang='lat' dir='ltr'>nomina</span> <span class='ocrx_word' id='word_1_199' title='bbox 1156 3140 1325 3222; x_wconf 87' lang='lat' dir='ltr'>perierunt,</span> <span class='ocrx_word' id='word_1_200' title='bbox 1350 3136 1365 3202; x_wconf 88' lang='lat' dir='ltr'>l</span> <span class='ocrx_word' id='word_1_201' title='bbox 1385 3175 1395 3186; x_wconf 94' lang='lat'><strong>·</strong></span> 
     </span>
    </p>
   </div>
   <div class='ocr_carea' id='block_1_7' title="bbox 161 3239 1395 3351">
    <p class='ocr_par' dir='ltr' id='par_1_10' title="bbox 161 3239 1395 3351">
     <span class='ocr_line' id='line_1_25' title="bbox 161 3239 1395 3351; baseline 0.003 -23"><span class='ocrx_word' id='word_1_202' title='bbox 161 3262 223 3329; x_wconf 91' lang='lat' dir='ltr'>erit</span> <span class='ocrx_word' id='word_1_203' title='bbox 245 3268 318 3345; x_wconf 90' lang='lat' dir='ltr'>post</span> <span class='ocrx_word' id='word_1_204' title='bbox 339 3239 375 3325; x_wconf 67' lang='lat' dir='ltr'><em>F</em></span> <span class='ocrx_word' id='word_1_205' title='bbox 387 3264 486 3351; x_wconf 76' lang='grc' dir='ltr'><em>πάλην</em></span> <span class='ocrx_word' id='word_1_206' title='bbox 509 3264 669 3348; x_wconf 77' lang='lat' dir='ltr'>scriptus?</span> <span class='ocrx_word' id='word_1_207' title='bbox 713 3268 915 3349; x_wconf 81' lang='lat' dir='ltr'>Asclepiades</span> <span class='ocrx_word' id='word_1_208' title='bbox 936 3288 1011 3335; x_wconf 88' lang='lat' dir='ltr'>vero</span> <span class='ocrx_word' id='word_1_209' title='bbox 1033 3269 1147 3335; x_wconf 91' lang='lat' dir='ltr'>ibidem</span> <span class='ocrx_word' id='word_1_210' title='bbox 1171 3268 1228 3334; x_wconf 82' lang='lat' dir='ltr'>col:</span> <span class='ocrx_word' id='word_1_211' title='bbox 1244 3267 1294 3332; x_wconf 91' lang='lat' dir='ltr'>Ill</span> <span class='ocrx_word' id='word_1_212' title='bbox 1315 3272 1395 3333; x_wconf 89' lang='lat' dir='ltr'>vs.3</span> 
     </span>
    </p>
   </div>
   <div class='ocr_carea' id='block_1_8' title="bbox 160 3377 1401 4480">
    <p class='ocr_par' dir='ltr' id='par_1_11' title="bbox 160 3377 1401 4480">
     <span class='ocr_line' id='line_1_26' title="bbox 160 3377 1396 3481; baseline 0.002 -23"><span class='ocrx_word' id='word_1_213' title='bbox 160 3391 263 3458; x_wconf 86' lang='lat' dir='ltr'>victor</span> <span class='ocrx_word' id='word_1_214' title='bbox 277 3397 327 3458; x_wconf 93' lang='lat' dir='ltr'>est</span> <span class='ocrx_word' id='word_1_215' title='bbox 341 3377 491 3481; x_wconf 66' lang='grc' dir='ltr'>Α’πάλην,</span> <span class='ocrx_word' id='word_1_216' title='bbox 515 3398 548 3461; x_wconf 90' lang='lat' dir='ltr'>et</span> <span class='ocrx_word' id='word_1_217' title='bbox 562 3396 666 3476; x_wconf 90' lang='lat' dir='ltr'>potuit</span> <span class='ocrx_word' id='word_1_218' title='bbox 682 3396 777 3461; x_wconf 89' lang='lat' dir='ltr'>etiam</span> <span class='ocrx_word' id='word_1_219' title='bbox 792 3397 825 3461; x_wconf 94' lang='lat' dir='ltr'>in</span> <span class='ocrx_word' id='word_1_220' title='bbox 839 3396 1126 3479; x_wconf 88' lang='lat' dir='ltr'>Philadelphiorum</span> <span class='ocrx_word' id='word_1_221' title='bbox 1140 3415 1271 3462; x_wconf 89' lang='lat' dir='ltr'>recensu</span> <span class='ocrx_word' id='word_1_222' title='bbox 1287 3396 1396 3461; x_wconf 90' lang='lat' dir='ltr'>eodem</span> 
     </span>
     <span class='ocr_line' id='line_1_27' title="bbox 161 3503 1397 3588; baseline 0.004 -20"><span class='ocrx_word' id='word_1_223' title='bbox 161 3503 230 3569; x_wconf 91' lang='lat' dir='ltr'>loco</span> <span class='ocrx_word' id='word_1_224' title='bbox 253 3505 376 3585; x_wconf 89' lang='lat' dir='ltr'>positus</span> <span class='ocrx_word' id='word_1_225' title='bbox 399 3522 478 3570; x_wconf 87' lang='lat' dir='ltr'>esse.</span> <span class='ocrx_word' id='word_1_226' title='bbox 524 3505 612 3583; x_wconf 86' lang='lat' dir='ltr'>Quae</span> <span class='ocrx_word' id='word_1_227' title='bbox 634 3524 705 3570; x_wconf 91' lang='lat' dir='ltr'>cum</span> <span class='ocrx_word' id='word_1_228' title='bbox 727 3512 793 3570; x_wconf 90' lang='lat' dir='ltr'>tam</span> <span class='ocrx_word' id='word_1_229' title='bbox 815 3513 961 3573; x_wconf 86' lang='lat' dir='ltr'>accurate</span> <span class='ocrx_word' id='word_1_230' title='bbox 983 3508 1178 3588; x_wconf 88' lang='lat' dir='ltr'>conveniant,</span> <span class='ocrx_word' id='word_1_231' title='bbox 1204 3526 1265 3574; x_wconf 91' lang='lat' dir='ltr'>non</span> <span class='ocrx_word' id='word_1_232' title='bbox 1288 3508 1397 3573; x_wconf 92' lang='lat' dir='ltr'>dubito</span> 
     </span>
     <span class='ocr_line' id='line_1_28' title="bbox 162 3615 1398 3699; baseline 0.003 -21"><span class='ocrx_word' id='word_1_233' title='bbox 162 3615 290 3681; x_wconf 90' lang='lat' dir='ltr'>titulum</span> <span class='ocrx_word' id='word_1_234' title='bbox 312 3616 353 3680; x_wconf 90' lang='lat' dir='ltr'>ad</span> <span class='ocrx_word' id='word_1_235' title='bbox 375 3616 502 3682; x_wconf 89' lang='lat' dir='ltr'>eosdem</span> <span class='ocrx_word' id='word_1_236' title='bbox 524 3616 616 3681; x_wconf 91' lang='lat' dir='ltr'>ludos</span> <span class='ocrx_word' id='word_1_237' title='bbox 638 3615 771 3697; x_wconf 84' lang='lat' dir='ltr'>referre,</span> <span class='ocrx_word' id='word_1_238' title='bbox 801 3617 839 3682; x_wconf 93' lang='lat' dir='ltr'>de</span> <span class='ocrx_word' id='word_1_239' title='bbox 862 3619 977 3699; x_wconf 90' lang='lat' dir='ltr'>quibus</span> <span class='ocrx_word' id='word_1_240' title='bbox 1000 3638 1048 3684; x_wconf 91' lang='lat' dir='ltr'>no.</span> <span class='ocrx_word' id='word_1_241' title='bbox 1068 3622 1160 3683; x_wconf 80' lang='lat'>245.«</span> <span class='ocrx_word' id='word_1_242' title='bbox 1207 3619 1244 3682; x_wconf 92' lang='lat' dir='ltr'>In</span> <span class='ocrx_word' id='word_1_243' title='bbox 1267 3618 1398 3684; x_wconf 90' lang='lat' dir='ltr'>eandem</span> 
     </span>
     <span class='ocr_line' id='line_1_29' title="bbox 161 3727 1398 3811; baseline -0.001 -19"><span class='ocrx_word' id='word_1_244' title='bbox 161 3746 293 3808; x_wconf 89' lang='lat' dir='ltr'>prorsus</span> <span class='ocrx_word' id='word_1_245' title='bbox 316 3729 504 3795; x_wconf 89' lang='lat' dir='ltr'>sententiam</span> <span class='ocrx_word' id='word_1_246' title='bbox 528 3728 616 3794; x_wconf 91' lang='lat' dir='ltr'>abire</span> <span class='ocrx_word' id='word_1_247' title='bbox 639 3747 696 3811; x_wconf 82' lang='lat' dir='ltr'>ego</span> <span class='ocrx_word' id='word_1_248' title='bbox 719 3747 781 3795; x_wconf 95' lang='lat' dir='ltr'>non</span> <span class='ocrx_word' id='word_1_249' title='bbox 805 3728 924 3795; x_wconf 89' lang='lat' dir='ltr'>dubito.</span> <span class='ocrx_word' id='word_1_250' title='bbox 964 3729 1086 3796; x_wconf 86' lang='lat' dir='ltr'>Titulus</span> <span class='ocrx_word' id='word_1_251' title='bbox 1109 3729 1145 3795; x_wconf 82' lang='lat' dir='ltr'>C.</span> <span class='ocrx_word' id='word_1_252' title='bbox 1164 3730 1188 3795; x_wconf 87' lang='grc' dir='ltr'>Ι.</span> <span class='ocrx_word' id='word_1_253' title='bbox 1205 3733 1267 3793; x_wconf 81' lang='grc'>245</span> <span class='ocrx_word' id='word_1_254' title='bbox 1289 3727 1398 3811; x_wconf 92' lang='lat' dir='ltr'>procul</span> 
     </span>
     <span class='ocr_line' id='line_1_30' title="bbox 162 3838 1400 3924; baseline 0.002 -20"><span class='ocrx_word' id='word_1_255' title='bbox 162 3838 258 3904; x_wconf 93' lang='lat' dir='ltr'>dubio</span> <span class='ocrx_word' id='word_1_256' title='bbox 281 3839 391 3904; x_wconf 91' lang='lat' dir='ltr'>eodem</span> <span class='ocrx_word' id='word_1_257' title='bbox 413 3859 494 3905; x_wconf 89' lang='lat' dir='ltr'>anno</span> <span class='ocrx_word' id='word_1_258' title='bbox 517 3840 537 3904; x_wconf 92' lang='lat' dir='ltr'>i.</span> <span class='ocrx_word' id='word_1_259' title='bbox 561 3859 589 3904; x_wconf 90' lang='lat' dir='ltr'>e.</span> <span class='ocrx_word' id='word_1_260' title='bbox 613 3840 723 3905; x_wconf 91' lang='lat' dir='ltr'>eodem</span> <span class='ocrx_word' id='word_1_261' title='bbox 745 3841 804 3907; x_wconf 89' lang='lat' dir='ltr'>sub</span> <span class='ocrx_word' id='word_1_262' title='bbox 835 3841 1001 3918; x_wconf 86' lang='lat' dir='ltr'>archonte,</span> <span class='ocrx_word' id='word_1_263' title='bbox 1032 3847 1187 3918; x_wconf 85' lang='lat' dir='ltr'>cosmeta,</span> <span class='ocrx_word' id='word_1_264' title='bbox 1215 3841 1400 3924; x_wconf 89' lang='lat' dir='ltr'>paedotriba</span> 
     </span>
     <span class='ocr_line' id='line_1_31' title="bbox 163 3950 1398 4036; baseline -0.001 -22"><span class='ocrx_word' id='word_1_265' title='bbox 163 3954 212 4015; x_wconf 90' lang='lat' dir='ltr'>est</span> <span class='ocrx_word' id='word_1_266' title='bbox 234 3954 390 4016; x_wconf 84' lang='lat' dir='ltr'>exaratus.</span> <span class='ocrx_word' id='word_1_267' title='bbox 428 3951 490 4029; x_wconf 85' lang='lat' dir='ltr'>Qui</span> <span class='ocrx_word' id='word_1_268' title='bbox 511 3950 557 4016; x_wconf 90' lang='lat' dir='ltr'>ibi</span> <span class='ocrx_word' id='word_1_269' title='bbox 579 3950 779 4033; x_wconf 90' lang='lat' dir='ltr'>conpluribus</span> <span class='ocrx_word' id='word_1_270' title='bbox 800 3951 832 4017; x_wconf 91' lang='lat' dir='ltr'>in</span> <span class='ocrx_word' id='word_1_271' title='bbox 849 3953 1072 4018; x_wconf 86' lang='lat' dir='ltr'>certaminibus</span> <span class='ocrx_word' id='word_1_272' title='bbox 1087 3956 1290 4028; x_wconf 87' lang='lat' dir='ltr'>memoratur,</span> <span class='ocrx_word' id='word_1_273' title='bbox 1314 3951 1398 4036; x_wconf 76' lang='lat' dir='ltr'>Maip-</span> 
     </span>
     <span class='ocr_line' id='line_1_32' title="bbox 163 4059 1400 4146; baseline 0.003 -23"><span class='ocrx_word' id='word_1_274' title='bbox 163 4060 281 4136; x_wconf 80' lang='grc' dir='ltr'><em>κελλος,</em></span> <span class='ocrx_word' id='word_1_275' title='bbox 305 4059 365 4126; x_wconf 88' lang='lat' dir='ltr'>fuit</span> <span class='ocrx_word' id='word_1_276' title='bbox 386 4060 522 4127; x_wconf 90' lang='lat' dir='ltr'>fortasse</span> <span class='ocrx_word' id='word_1_277' title='bbox 543 4062 642 4141; x_wconf 91' lang='lat' dir='ltr'>ipsius</span> <span class='ocrx_word' id='word_1_278' title='bbox 665 4067 821 4128; x_wconf 85' lang='lat' dir='ltr'>cosmetae</span> <span class='ocrx_word' id='word_1_279' title='bbox 836 4061 975 4129; x_wconf 88' lang='lat' dir='ltr'>Marcelli</span> <span class='ocrx_word' id='word_1_280' title='bbox 1000 4063 1092 4130; x_wconf 90' lang='lat' dir='ltr'>filius.</span> <span class='ocrx_word' id='word_1_281' title='bbox 1139 4065 1206 4128; x_wconf 92' lang='lat' dir='ltr'>Iam</span> <span class='ocrx_word' id='word_1_282' title='bbox 1228 4066 1295 4146; x_wconf 89' lang='lat' dir='ltr'>ipse</span> <span class='ocrx_word' id='word_1_283' title='bbox 1318 4063 1400 4128; x_wconf 88' lang='lat' dir='ltr'>addo</span> 
     </span>
     <span class='ocr_line' id='line_1_33' title="bbox 162 4172 1401 4256; baseline 0 -18"><span class='ocrx_word' id='word_1_284' title='bbox 162 4172 259 4238; x_wconf 87' lang='lat' dir='ltr'>etiam</span> <span class='ocrx_word' id='word_1_285' title='bbox 283 4173 330 4238; x_wconf 89' lang='lat' dir='ltr'>tit.</span> <span class='ocrx_word' id='word_1_286' title='bbox 345 4173 476 4256; x_wconf 85' lang='lat' dir='ltr'>Ephem.</span> <span class='ocrx_word' id='word_1_287' title='bbox 492 4174 577 4240; x_wconf 90' lang='lat' dir='ltr'>arch.</span> <span class='ocrx_word' id='word_1_288' title='bbox 602 4192 652 4239; x_wconf 91' lang='lat' dir='ltr'>no.</span> <span class='ocrx_word' id='word_1_289' title='bbox 670 4177 753 4238; x_wconf 88' lang='grc'>2600</span> <span class='ocrx_word' id='word_1_290' title='bbox 768 4174 878 4239; x_wconf 88' lang='lat' dir='ltr'>eodem</span> <span class='ocrx_word' id='word_1_291' title='bbox 895 4192 977 4238; x_wconf 91' lang='lat' dir='ltr'>anno</span> <span class='ocrx_word' id='word_1_292' title='bbox 993 4175 1200 4256; x_wconf 80' lang='lat' dir='ltr'>conpositum,</span> <span class='ocrx_word' id='word_1_293' title='bbox 1224 4175 1316 4239; x_wconf 90' lang='lat' dir='ltr'>immo</span> <span class='ocrx_word' id='word_1_294' title='bbox 1331 4193 1401 4256; x_wconf 88' lang='lat' dir='ltr'>par·</span> 
     </span>
     <span class='ocr_line' id='line_1_34' title="bbox 162 4283 1401 4367; baseline 0.002 -20"><span class='ocrx_word' id='word_1_295' title='bbox 162 4283 293 4349; x_wconf 89' lang='lat' dir='ltr'>ticulam</span> <span class='ocrx_word' id='word_1_296' title='bbox 315 4287 473 4364; x_wconf 89' lang='lat' dir='ltr'>quandam</span> <span class='ocrx_word' id='word_1_297' title='bbox 496 4303 565 4352; x_wconf 89' lang='lat' dir='ltr'>esse</span> <span class='ocrx_word' id='word_1_298' title='bbox 589 4284 674 4350; x_wconf 89' lang='lat' dir='ltr'>tituli</span> <span class='ocrx_word' id='word_1_299' title='bbox 689 4283 723 4349; x_wconf 83' lang='lat' dir='ltr'>C.</span> <span class='ocrx_word' id='word_1_300' title='bbox 740 4285 764 4349; x_wconf 92' lang='grc' dir='ltr'>Ι.</span> <span class='ocrx_word' id='word_1_301' title='bbox 782 4289 860 4348; x_wconf 78' lang='grc' dir='ltr'>245ε</span> <span class='ocrx_word' id='word_1_302' title='bbox 876 4284 941 4350; x_wconf 89' lang='lat' dir='ltr'>fere</span> <span class='ocrx_word' id='word_1_303' title='bbox 956 4304 1065 4351; x_wconf 90' lang='lat' dir='ltr'>omues</span> <span class='ocrx_word' id='word_1_304' title='bbox 1081 4286 1162 4351; x_wconf 88' lang='lat' dir='ltr'>enim</span> <span class='ocrx_word' id='word_1_305' title='bbox 1178 4286 1273 4351; x_wconf 91' lang='lat' dir='ltr'>iidem</span> <span class='ocrx_word' id='word_1_306' title='bbox 1288 4285 1401 4367; x_wconf 88' lang='lat' dir='ltr'>ephebi</span> 
     </span>
     <span class='ocr_line' id='line_1_35' title="bbox 163 4394 1401 4480; baseline 0 -20"><span class='ocrx_word' id='word_1_307' title='bbox 163 4399 300 4480; x_wconf 89' lang='lat' dir='ltr'>utroque</span> <span class='ocrx_word' id='word_1_308' title='bbox 320 4395 425 4477; x_wconf 90' lang='lat' dir='ltr'>lapide</span> <span class='ocrx_word' id='word_1_309' title='bbox 448 4397 650 4476; x_wconf 81' lang='lat' dir='ltr'>exhibentur3</span> <span class='ocrx_word' id='word_1_310' title='bbox 673 4394 837 4461; x_wconf 84' lang='lat' dir='ltr'>manifesto</span> <span class='ocrx_word' id='word_1_311' title='bbox 861 4401 967 4461; x_wconf 88' lang='lat' dir='ltr'>autem</span> <span class='ocrx_word' id='word_1_312' title='bbox 990 4396 1066 4461; x_wconf 92' lang='lat' dir='ltr'>illud</span> <span class='ocrx_word' id='word_1_313' title='bbox 1084 4397 1216 4478; x_wconf 90' lang='lat' dir='ltr'>adparet</span> <span class='ocrx_word' id='word_1_314' title='bbox 1230 4395 1301 4462; x_wconf 91' lang='lat' dir='ltr'>inde</span> <span class='ocrx_word' id='word_1_315' title='bbox 1317 4396 1401 4477; x_wconf 90' lang='lat' dir='ltr'>quod</span> 
     </span>
    </p>
   </div>
   <div class='ocr_carea' id='block_1_9' title="bbox 162 4485 1402 4706">
    <p class='ocr_par' dir='ltr' id='par_1_12' title="bbox 162 4485 1402 4706">
     <span class='ocr_line' id='line_1_36' title="bbox 162 4485 1402 4592; baseline 0 -23"><span class='ocrx_word' id='word_1_316' title='bbox 162 4485 193 4569; x_wconf 89' lang='lat' dir='ltr'>in</span> <span class='ocrx_word' id='word_1_317' title='bbox 217 4504 252 4571; x_wconf 79' lang='lat' dir='ltr'>G.</span> <span class='ocrx_word' id='word_1_318' title='bbox 276 4505 302 4571; x_wconf 88' lang='grc' dir='ltr'>Ι.</span> <span class='ocrx_word' id='word_1_319' title='bbox 326 4510 388 4571; x_wconf 86' lang='grc'>245</span> <span class='ocrx_word' id='word_1_320' title='bbox 411 4507 469 4573; x_wconf 82' lang='lat' dir='ltr'>col.</span> <span class='ocrx_word' id='word_1_321' title='bbox 491 4508 525 4572; x_wconf 88' lang='lat' dir='ltr'>II</span> <span class='ocrx_word' id='word_1_322' title='bbox 556 4525 601 4573; x_wconf 79' lang='lat' dir='ltr'>VS.</span> <span class='ocrx_word' id='word_1_323' title='bbox 628 4512 667 4571; x_wconf 83' lang='lat'>12</span> <span class='ocrx_word' id='word_1_324' title='bbox 698 4507 829 4589; x_wconf 84' lang='lat' dir='ltr'>legitur:</span> <span class='ocrx_word' id='word_1_325' title='bbox 861 4505 1092 4592; x_wconf 54' lang='grc' dir='ltr'><em>Φιλαδελφέων</em></span> <span class='ocrx_word' id='word_1_326' title='bbox 1120 4503 1402 4589; x_wconf 61' lang='grc' dir='ltr'><em>ἀγωνοθετούντων</em></span> 
     </span>
     <span class='ocr_line' id='line_1_37' title="bbox 164 4616 1402 4706; baseline 0.002 -25"><span class='ocrx_word' id='word_1_327' title='bbox 164 4617 295 4704; x_wconf 76' lang='grc' dir='ltr'><em>Μάρκου</em></span> <span class='ocrx_word' id='word_1_328' title='bbox 319 4619 369 4680; x_wconf 80' lang='grc' dir='ltr'>καὶ</span> <span class='ocrx_word' id='word_1_329' title='bbox 390 4616 641 4706; x_wconf 74' lang='grc' dir='ltr'><em>Κηφεισοὸώρου</em></span> <span class='ocrx_word' id='word_1_330' title='bbox 664 4617 788 4681; x_wconf 61' lang='lat' dir='ltr'>&amp;veluwe</span> <span class='ocrx_word' id='word_1_331' title='bbox 810 4618 886 4682; x_wconf 71' lang='lat' dir='ltr'>arb:</span> <span class='ocrx_word' id='word_1_332' title='bbox 909 4618 931 4683; x_wconf 90' lang='lat' dir='ltr'>ii</span> <span class='ocrx_word' id='word_1_333' title='bbox 953 4618 1109 4684; x_wconf 84' lang='lat' dir='ltr'>reverain</span> <span class='ocrx_word' id='word_1_334' title='bbox 1124 4617 1203 4700; x_wconf 79' lang='lat' dir='ltr'>Eph.</span> <span class='ocrx_word' id='word_1_335' title='bbox 1217 4618 1303 4684; x_wconf 82' lang='lat' dir='ltr'>arch.</span> <span class='ocrx_word' id='word_1_336' title='bbox 1319 4622 1402 4683; x_wconf 82' lang='lat'>2600</span> 
     </span>
    </p>
   </div>
   <div class='ocr_carea' id='block_1_10' title="bbox 0 0 1763 5296">
    <p class='ocr_par' dir='ltr' id='par_1_13' title="bbox 0 0 1763 5296">
     <span class='ocr_line' id='line_1_38' title="bbox 0 0 1763 5296; baseline 0 0"><span class='ocrx_word' id='word_1_337' title='bbox 0 0 1763 5296; x_wconf 95' lang='lat' dir='ltr'> </span> 
     </span>
    </p>
   </div>
  </div>
 </body>
</html>
