3490 5296
855 385 1068 449 ..84-

349 573 520 661 particulas
553 591 622 641 esse
655 573 749 641 unius
782 571 868 639 tituli
901 571 950 637 vel
989 571 1091 638 dicam
1123 571 1254 656 lapidis3
1293 572 1355 639 nisi
1395 572 1476 639 forte
1514 573 1579 638 tria

350 688 475 754 diversa
507 686 647 752 eiusdem
679 684 889 766 inscriptionis
923 683 1112 764 exemplaria
1144 701 1214 750 esse
1247 682 1370 767 sculpta
1404 702 1579 750 censemus.

349 798 419 864 Duo
442 803 548 863 autem
571 796 761 879 exemplaria
783 794 924 862 conlecta
946 812 1015 860 esse
1037 813 1099 860 non
1121 793 1234 858 mirum
1251 799 1308 859 est.
1345 794 1424 859 Nam
1448 794 1511 859 duo
1533 794 1580 858 di·

349 926 441 974 versa
474 907 693 990 ephebicorum
723 906 936 988 catalogorum
967 923 1084 986 genera
1116 908 1258 970 statuere
1286 904 1372 985 licet,
1405 904 1581 986 posteriore

350 1018 477 1102 quidem
505 1018 558 1084 scl.
582 1016 648 1083 fere
677 1017 750 1082 inde
780 1017 819 1082 ab
842 1015 1014 1081 Abascanti
1043 1015 1247 1097 paedotribae
1275 1019 1388 1080 aetate.
1435 1015 1581 1080 Alterum

350 1134 399 1195 est
421 1147 528 1194 eorum
550 1129 603 1208 qui
626 1127 759 1210 publice,
782 1127 801 1193 i.
825 1146 852 1192 e.
875 1132 1032 1191 cosmetae
1053 1126 1160 1206 iussu,
1183 1124 1401 1191 scribebantur
1422 1124 1579 1205 catalogo·

350 1260 429 1306 rum.
475 1240 517 1304 Hi
539 1257 615 1321 prae
637 1258 672 1305 se
694 1237 776 1303 ferre
798 1238 900 1302 solent
923 1235 1087 1302 formulam
1119 1237 1236 1302 hancce
1265 1235 1331 1301 lere
1359 1235 1407 1300 vel
1430 1234 1578 1299 similem:

351 1350 547 1436 ὁκοσρητὴς
569 1353 630 1411 τῶν
660 1347 793 1436 ἐφήβων
823 1348 840 1408 d
867 1346 954 1410 δεῖνα
983 1346 1162 1431 ἀνέγραφεν
1192 1344 1264 1415 τούς
1294 1347 1342 1429 [τε
1365 1346 1580 1432 συνάρχοντας

350 1461 398 1523 καὶ
420 1460 492 1529 τοὺς
513 1454 563 1521 ὑπ’
588 1458 688 1543 αὐτῷ]
711 1457 950 1545 ἐφηβεύσαντας
976 1455 1023 1519 ἐπὶ
1055 1459 1107 1519 τοῦ
1136 1455 1240 1525 δεῖνος
1265 1454 1432 1544 ἄρχοντοςς
1462 1455 1578 1535 quibus

350 1569 615 1651 praescriptorum
641 1569 744 1635 verbis
771 1588 833 1633 non
863 1585 1034 1647 numquam
1064 1568 1159 1632 etiam
1180 1567 1438 1648 hypocosmetae‚
1465 1566 1580 1647 paedo-

349 1682 461 1759 tribae,
482 1680 612 1755 scribae,
630 1678 762 1743 aliorum
777 1679 930 1761 gymnasii
946 1677 1189 1759 magistratuum
1204 1678 1331 1741 nomina
1346 1675 1578 1742 adscribuntur.

351 1790 441 1857 Tales
464 1789 598 1871 catalogi
626 1795 700 1854 sunt
721 1788 756 1855 C.
779 1790 805 1854 I.
830 1794 901 1853 276.
926 1793 984 1853 281
1016 1785 1068 1873 (cf.
1092 1787 1155 1851 tab.
1178 1784 1226 1870 1);
1259 1784 1412 1872 Φιλίστωρ
1435 1787 1477 1864 ΙΙ,
1501 1791 1579 1860 2683

351 1902 404 1981 IV,
428 1906 499 1980 270,
523 1906 557 1984 23
585 1901 639 1981 IV,
657 1906 726 1980 272,
744 1906 782 1984 33
805 1902 829 1980 Ι,
847 1906 918 1980 384,
935 1906 973 1984 43
995 1900 1053 1979 Ill,
1073 1904 1143 1977 553,
1167 1902 1202 1976 2;
1226 1897 1278 1976 Ν,
1304 1901 1353 1975 76,
1379 1902 1414 1971 2;
1437 1897 1492 1976 Ν,
1510 1900 1579 1975 168,

352 2016 385 2091 ο;
410 2012 462 2087 lt,
487 2017 556 2090 roa,
580 2016 612 2090 33
636 2012 689 2092 tv,
714 2005 792 2087 noa
808 2018 841 2091 1;
869 2009 925 2091 IV,
949 2016 1020 2088 344,
1045 2016 1079 2088 23
1108 2008 1164 2091 IV,
1182 2014 1302 2093 344‚3;
1324 2011 1379 2090 lv,
1396 2013 1466 2089 344,
1483 2016 1513 2075 4.
1544 2009 1579 2074 c.

352 2123 376 2185 Ι.
397 2126 468 2186 274.
488 2117 553 2206 'Ep
571 2122 642 2210 ἅρχ.
663 2127 722 2187 199
746 2122 806 2198 (Cl.
825 2123 888 2188 tab.
905 2123 960 2197 ΙΙ).
997 2121 1038 2186 Hi
1061 2121 1193 2202 publice,
1218 2129 1254 2185 ut
1271 2122 1342 2197 dixi,
1366 2128 1440 2186 sunt
1461 2121 1581 2186 exarati

353 2237 508 2297 cosmetae
540 2233 628 2297 iussu
657 2237 688 2297 et
711 2233 896 2313 sumptibus.
941 2232 1056 2297 Utrum
1079 2213 1184 2296 autem
1208 2230 1375 2297 conficeret
1404 2231 1580 2314 catalogum

352 2360 450 2406 necne
474 2361 510 2406 ex
526 2342 657 2407 arbitrio
674 2346 834 2407 cosmetae
845 2361 907 2407 non
922 2346 1040 2424 aptum,
1064 2343 1157 2408 immo
1172 2341 1241 2423 lege
1259 2342 1394 2422 quadam
1410 2342 1437 2406 ei
1454 2341 1579 2405 manda·

354 2458 422 2516 turn
444 2450 541 2516 luisse
563 2451 697 2515 ridetur.
744 2452 833 2529 Quod
857 2452 967 2535 colligo
991 2471 1029 2517 ex
1053 2450 1115 2517 dri.
1140 2454 1194 2532 IV,
1219 2457 1335 2532 3321,
1359 2452 1412 2517 ubi
1435 2470 1479 2515 vs.
1498 2455 1578 2515 7-9

351 2563 429 2628 haec
445 2562 607 2644 leguntur:
631 2560 832 2648 roccataliata
843 2558 1039 2649 Ἐ’πίκτητος)
1063 2563 1251 2651 Εὐπυρίόης,
1268 2551 1423 2651 reirandei<
1445 2561 1503 2624 ὑπὸ
1527 2563 1579 2623 τοῦ

354 2672 455 2758 δῆμον
471 2671 520 2734 ἐπὶ
535 2678 582 2756 τῷ
605 2671 710 2740 καλῶς
731 2673 779 2734 καὶ
801 2672 938 2755 κοσμίως
959 2673 1053 2736 αὐτόν
1070 2696 1104 2736 τε
1124 2673 1225 2756 βιοῦν.
1238 2676 1285 2737 καὶ
1309 2674 1462 2760 προεστὸς
1488 2671 1578 2758 (sici)

354 2784 402 2845 καὶ
424 2787 480 2870 τῆς
502 2782 706 2870 ἀναστροφῆς
728 2787 790 2845 τῶν
813 2782 946 2871 ἐφήβων
969 2782 1187 2870 κοσμιότητος·
1211 2785 1349 2870 εἰληφὼς
1371 2783 1407 2846 δὲ
1426 2783 1511 2868 παρὰ
1527 2785 1579 2844 τοῦ

354 2893 454 2980 δήμου
484 2893 531 2955 καὶ
559 2892 693 2980 σεὶτησιν
715 2891 748 2955 ἐν
772 2892 945 2978 πρυτανείῳ
968 2893 1019 2957 διὰ
1036 2893 1125 2975 βίου,
1161 2893 1317 2964 τούςόε’
1348 2893 1580 2980 παρέδωκεν

355 3001 534 3090 ἐφήβους
555 3003 613 3073 εἰς
635 3004 675 3065 τὸ
695 3008 884 3089 ρητρῶον
907 3005 978 3069 κτλ.
1026 3003 1173 3070 Cosmeta
1203 3025 1278 3086 ergo
1307 3006 1421 3071 dicitur
1447 3005 1580 3086 ephebo-

353 3131 423 3178 rum
446 3112 622 3194 catalogum
644 3114 675 3177 in
697 3119 851 3179 metroum
875 3115 1056 3191 tradidisse,
1084 3116 1126 3181 ibi
1149 3116 1202 3180 scl.
1227 3115 1451 3182 collocandum.
1498 3116 1580 3193 Quid

354 3228 459 3288 autem
481 3230 518 3288 ut
538 3223 615 3288 illud
641 3222 758 3291 faceret
786 3228 942 3290 cosmetae
968 3227 1136 3307 intererat,
1167 3227 1227 3290 nisi
1255 3226 1324 3308 lege
1352 3227 1581 3307 praescriptum

355 3332 451 3399 luisse
481 3334 685 3409 censeamus?
721 3334 812 3400 Unde
837 3335 942 3400 nescio
965 3354 1006 3400 an
1029 3334 1235 3417 colligendum
1259 3338 1301 3401 sit
1325 3338 1493 3416 quotannis
1516 3354 1579 3402 cos-

241 3504 245 3511 .
355 3447 471 3510 metam
493 3464 556 3524 eos,
579 3446 634 3525 qui
655 3445 714 3510 snb
736 3445 804 3527 ipso
826 3443 943 3510 fuerint
965 3446 1087 3528 ephebi,
1109 3446 1207 3528 lapidi
1229 3447 1395 3528 inscriptos
1411 3447 1441 3511 in
1460 3453 1580 3512 metron

355 3554 550 3622 collocandos
562 3555 716 3622 curasse.²
747 3555 837 3634 Quod
853 3575 890 3622 ea
900 3575 936 3622 re
947 3538 1081 3622 fortasse
1097 3557 1307 3638 conprobatur
1323 3558 1407 3639 quod
1421 3558 1515 3622 huius
1530 3576 1580 3638 ge-

429 3770 437 3802 ¹
457 3769 618 3821 Cumanndes
637 3768 738 3835 quidem
757 3769 843 3820 scribit
860 3766 941 3826 τοὺς
954 3767 994 3821 δὲ
1012 3765 1165 3836 ἐφήβους
1181 3766 1323 3837 παρέδωκε
1335 3767 1397 3831 κτλ;
1415 3770 1460 3822 sed
1472 3788 1579 3838 pronun·

355 3853 468 3906 tiendum
485 3865 548 3921 puto
565 3852 689 3911 τούς-δε
707 3851 789 3921 ἐφήβ.
802 3853 899 3922 παρέδ.
928 3854 1011 3905 Aliter
1028 3856 1095 3905 enim
1112 3862 1179 3904 recta
1191 3856 1312 3906 enuntiati
1324 3857 1488 3922 grammatica
1500 3864 1579 3906 struc-

355 3950 411 3992 tura
433 3940 511 3990 oritur
528 3940 613 3999 nulla;
638 3947 677 3990 est
699 3939 765 3989 enim
789 3940 864 3990 haec:
889 3939 1062 4008 κοσμητεύων
1079 3935 1230 4007 Ἐπίκτητος
1255 3971 1288 3981 -
1311 3940 1451 4009 τειρηβείς
1472 3941 1529 3991 κτλ.
1548 3969 1577 3979 -

355 4022 452 4081 τούςὸε
476 4022 634 4091 παρέδωκεν
658 4021 753 4091 ἐφὴβ..·
775 4034 886 4077 cosmeta
909 4027 1041 4093 Epictetus
1065 4026 1132 4093 huno
1153 4027 1307 4092 epheborum
1323 4028 1463 4094 catalogum
1482 4028 1508 4078 in
1526 4044 1578 4078 me·

355 4114 436 4160 trou'm
454 4109 563 4161 tradidit.
600 4109 720 4159 Videatur
737 4111 830 4161 omissa
843 4118 910 4161 'esse
928 4112 960 4162 ab
978 4111 1135 4178 quadratario
1158 4119 1216 4162 ante
1233 4109 1389 4179 ,ἐφήβους“
1407 4129 1454 4162 vox
1473 4110 1578 4175 „aodc⁴‘‚

356 4204 382 4245 at
399 4203 483 4261 potest
505 4210 566 4244 sane
588 4210 635 4244 rcx
658 4191 780 4261 ἐφήβους
801 4196 969 4261 praedicativo
991 4213 1068 4247 sensu
1085 4196 1209 4262 intellegi,
1227 4197 1276 4246 ita:
1298 4197 1344 4246 hos
1363 4196 1469 4247 tradidit
1486 4198 1511 4246 in
1529 4213 1578 4247 me

355 4288 437 4330 troam
455 4280 503 4330 sub
521 4278 577 4344 ipso
595 4278 714 4345 ephebos.

422 4382 433 4413 ²
451 4382 609 4448 Quamquam
628 4381 764 4434 admodum
782 4384 872 4435 mirum
889 4401 946 4435 esse
964 4384 1072 4436 concedo
1091 4382 1159 4450 quod
1178 4383 1350 4450 lapidibus
1375 4384 1486 4452 inscripti
1505 4385 1577 4452 ephe·

353 4467 442 4521 borum
459 4468 566 4536 catalogi
585 4467 611 4518 in
629 4477 726 4521 metroo
745 4471 914 4537 ponebantur.
951 4469 1003 4522 Sed
1024 4488 1073 4521 non
1092 4470 1173 4522 habeo
1191 4485 1240 4534 quo
1258 4469 1308 4520 alio
1325 4469 1400 4522 modo
1423 4472 1499 4522 verba
1515 4470 1578 4524 tituli

356 4548 424 4629 (dcl.
442 4554 487 4617 Ν,
506 4554 565 4619 332,
586 4555 609 4616 1,
627 4571 663 4607 rs.
683 4554 761 4624 7-9)
779 4556 911 4625 explicem.
