3510 5304
846 383 1060 447 ...12-

427 564 473 631 Ut
493 564 555 630 iam
576 565 666 633 initio
688 567 831 649 diximus,
854 569 987 633 multum
1010 567 1130 635 confert
1153 571 1230 637 haec
1243 570 1405 657 inscriptio
1428 572 1469 639 ad
1491 573 1568 639 alia·

340 693 411 754 rum
433 676 629 758 quarundam
656 682 793 744 aetatem
815 683 909 761 atque
931 681 1010 745 adeo
1033 699 1148 746 annum
1171 688 1318 749 accurate
1347 682 1566 765 definiendum,

342 804 404 869 qua
425 786 495 869 ipsa
515 806 551 851 re
565 789 761 868 quorundam
784 790 968 855 archontum
996 791 1070 856 anni
1092 796 1178 858 certo
1201 793 1299 858 statui
1318 798 1476 874 poterunt
1512 794 1567 860 Ni-

341 896 465 976 mirum,
488 898 541 980 qui
562 899 622 964 hoo
643 898 676 963 in
688 899 779 966 titulo
801 905 994 968 memoratur
1010 902 1215 991 παιδοτρίβης
1236 903 1287 967 διὰ
1303 904 1375 986 βίου
1398 898 1566 987 ’ridderm-

343 1032 397 1078 τος
417 1006 579 1093 Εὐμόλπου
602 1010 771 1098 Κηφισιεὺς
791 1013 875 1079 redii
903 1013 1010 1079 multis
1033 1014 1066 1080 in
1088 1015 1157 1080 aliis
1179 1016 1291 1082 titulis,
1335 1017 1475 1095 Quorum
1496 1035 1565 1083 cum

342 1121 375 1185 iu
396 1119 583 1201 quibusdam
606 1122 749 1188 additum
772 1123 829 1204 sit,
858 1141 1024 1204 quemnam
1052 1143 1169 1190 annum
1197 1145 1326 1192 munere
1352 1128 1380 1192 is
1408 1126 1566 1210 fungatur,

342 1236 466 1314 tempus
488 1233 666 1299 accuratius
687 1232 809 1300 definiri
840 1237 966 1316 poterit,
1005 1235 1173 1301 dummodo
1206 1241 1338 1317 constet,
1373 1256 1434 1319 quo
1467 1238 1566 1317 primo

343 1363 425 1410 anno
447 1344 500 1409 ille
532 1345 736 1426 paedotribae
769 1365 884 1412 munus
917 1346 1059 1413 subierit
1092 1347 1173 1412 Hinc
1196 1351 1264 1412 totu
1285 1348 1427 1428 quaestio
1441 1349 1566 1429 pendet.

343 1456 448 1537 Atque
469 1456 528 1522 hoc
549 1457 653 1540 ipsum
676 1457 831 1539 reperisse
853 1457 943 1523 nobis
965 1457 1116 1523 videmur.
1156 1457 1275 1522 Eodem
1298 1458 1380 1523 enim
1402 1458 1461 1523 boo
1476 1477 1567 1538 anno,

344 1582 406 1645 quo
428 1566 555 1647 titulus,
586 1568 714 1649 dequo
743 1569 845 1633 adhuc
878 1567 1102 1650 disseruimus,
1136 1572 1282 1634 exaratus
1305 1572 1363 1649 est,
1391 1569 1411 1634 i.
1435 1589 1461 1635 e.
1486 1588 1567 1635 anno

347 1681 407 1740 138
428 1696 459 1758 p.
482 1674 566 1756 Chr,
580 1676 793 1743 Abascantum
814 1678 922 1744 iniisse
937 1682 1125 1760 perpetuum
1142 1679 1346 1762 paedotribae
1360 1697 1474 1746 munus
1497 1698 1568 1747 con-

344 1787 447 1853 tendo.
493 1784 576 1852 Sane
598 1786 725 1869 quidem
746 1788 779 1853 in
801 1789 894 1855 titulo
910 1791 1081 1872 expressim
1096 1808 1157 1855 non
1174 1790 1318 1857 additum
1331 1795 1380 1856 est
1403 1788 1494 1861 »ἔτος
1508 1791 1567 1856 αἰ.

344 1898 388 1962 At
409 1896 616 1965 demonstrari
638 1898 755 1981 poterit
777 1898 848 1965 aliis
870 1901 1073 1983 argumentis.

430 2036 476 2101 Ac
498 2036 633 2119 primum
654 2036 779 2118 quidem
800 2037 833 2101 in
854 2037 904 2104 tit.
922 2034 986 2103 dcl.
1002 2038 1056 2114 IV,
1070 2042 1173 2103 1641
1199 2038 1398 2103 Abascantos
1420 2042 1568 2121 quartum
1597 2112 1606 2123 .

346 2165 462 2212 annum
483 2165 613 2213 munere
634 2148 697 2212 iam
718 2146 869 2229 fungitur.
914 2149 1072 2215 Exoratus
1093 2152 1142 2213 est
1162 2148 1215 2213 ille
1238 2148 1359 2229 titulus,
1382 2153 1418 2214 ut
1440 2167 1478 2214 ex
1498 2149 1567 2232 ipso

344 2261 442 2340 patet,
464 2259 523 2322 sub
544 2258 733 2340 imperatore
755 2258 921 2324 Antonino.
959 2260 1052 2325 Unde
1074 2258 1214 2335 efficitur,
1237 2264 1274 2324 ut
1295 2259 1414 2337 titulus,
1445 2259 1485 2326 de
1506 2278 1567 2342 quo

346 2362 449 2435 adhuc
471 2368 614 2449 diximus,
636 2370 727 2452 utqui
757 2388 785 2434 a.
812 2374 872 2435 138
895 2390 925 2452 p.
948 2370 1022 2436 Chr.
1046 2370 1088 2435 sit
1119 2369 1266 2451 scriptus
1298 2369 1416 2435 incidat
1449 2376 1505 2435 aut
1536 2371 1568 2435 in
1679 2377 1682 2382 ’

346 2478 481 2560 primum
504 2484 561 2544 aut
581 2479 614 2543 in
637 2477 809 2545 secundum
839 2485 896 2545 aut
923 2480 1058 2563 denique
1084 2480 1116 2545 in
1150 2480 1279 2546 tertium
1307 2480 1476 2546 Abascauti
1504 2500 1569 2545 mu·

345 2610 423 2658 nere
442 2589 600 2673 fungentis
629 2609 754 2656 annum.
798 2591 867 2658 Hoc
895 2592 1160 2674 praemittendum
1191 2597 1268 2657 erat
1319 2592 1385 2655 Iam
1418 2609 1501 2670 vero,
1533 2595 1569 2655 ut

347 2702 464 2768 certius
487 2706 673 2776 statuamus,
696 2700 800 2768 facere
822 2721 885 2766 non
900 2719 1078 2784 possumus,
1094 2701 1169 2784 quin
1186 2721 1224 2768 ea
1240 2702 1379 2767 nitamur
1393 2701 1567 2784 hypothesi,

346 2830 428 2893 quae
449 2811 636 2878 testimoniis
659 2812 762 2877 adhuc
790 2813 837 2877 uti
867 2831 929 2878 non
960 2817 1009 2879 est
1031 2811 1215 2878 confirmata
1251 2812 1296 2877 sic
1328 2830 1390 2876 non
1422 2810 1567 2877 refutata.

347 2923 450 2988 Multa
471 2921 591 2988 scilicet
611 2921 644 2986 in
666 2922 777 3003 quavis
798 2923 930 2989 scientia
957 2923 1064 2988 valent
1077 2948 1081 2953 ·
1094 2927 1189 3003 atque
1216 2922 1294 2987 adeo
1321 2921 1353 2986 in
1383 2939 1474 2987 usum
1503 2940 1568 2987 ver·

346 3038 467 3114 tuntur,
490 3050 571 3113 quae
592 3052 663 3099 cum
685 3033 763 3098 nihil
783 3032 843 3099 nisi
864 3034 1046 3099 verisimilia
1067 3038 1100 3100 et
1119 3032 1293 3117 probabilia
1314 3033 1482 3098 videantur
1504 3051 1566 3098 cer-

346 3144 388 3210 tis
402 3164 449 3231 ⁴eu
471 3145 584 3223 causis,
606 3149 672 3209 tam
695 3144 749 3209 diu
772 3144 963 3210 auctoritate
986 3150 1018 3210 et
1039 3143 1100 3210 fide
1122 3142 1242 3220 florent,
1272 3162 1365 3226 quam
1396 3146 1502 3208 errata
1529 3161 1567 3208 ea

347 3273 417 3321 esse
439 3255 688 3320 demonstratum
712 3256 753 3321 sit
774 3253 874 3320 firmis
902 3255 1103 3338 argumentis.
1148 3254 1239 3333 Quod
1271 3255 1354 3319 idem
1385 3253 1447 3320 huo
1477 3253 1567 3320 cadit

348 3366 520 3431 versamur
544 3366 626 3431 enim
645 3366 698 3431 hto
719 3365 752 3430 in
775 3365 968 3448 quaestione,
984 3364 1174 3448 Oallippious
1197 3366 1302 3446 cyclus
1324 3364 1445 3444 integer
1467 3368 1569 3443 poste-

346 3477 482 3543 rioribus
512 3477 639 3557 quidem
666 3476 858 3558 temporibus
894 3475 1137 3541 Atheniensibus
1170 3475 1203 3540 in
1236 3493 1295 3540 usu
1330 3473 1425 3539 fuerit
1457 3492 1564 3539 necne.

345 3588 457 3653 Fuisse
479 3587 605 3654 eumin
627 3606 688 3654 usu
710 3586 902 3670 aliquamdiu
924 3591 996 3670 post
1010 3587 1132 3668 Olymp.
1150 3591 1253 3665 150,3
1276 3572 1392 3669 at'non
1412 3585 1570 3666 integrum

346 3717 404 3781 per
425 3717 459 3764 se
481 3716 518 3764 ac
539 3698 638 3765 solum
661 3699 718 3763 sed
745 3698 880 3765 secundo
910 3696 1125 3763 tantummodo
1153 3696 1221 3762 loco
1249 3714 1312 3762 una
1340 3715 1410 3761 cum
1433 3693 1567 3759 Metonis

347 3810 432 3893 cyclo
459 3809 635 3876 Bocckhius
669 3809 702 3873 in
730 3809 810 3874 libro
839 3809 920 3874 »Zur
949 3806 1136 3874 Geschiohte
1164 3807 1220 3871 der
1249 3803 1456 3887 Mondoyolen
1487 3807 1565 3869 cet«

347 3939 418 4002 pag.
443 3924 483 3983 56
506 3937 573 4003 sqq.
601 3920 664 3985 iam
693 3919 814 4002 pridem
844 3918 1069 3984 demonstravit
1097 3918 1219 3982 duobus
1248 3914 1366 3995 titulis,
1394 3913 1427 3978 in
1456 3913 1569 3994 quibus

348 4032 441 4098 simul
463 4051 502 4098 ex
530 4031 666 4097 Metonis
688 4035 721 4096 et
751 4028 884 4112 Callippi
913 4029 1070 4112 cyclorum
1100 4027 1276 4092 rationibus
1310 4030 1432 4105 tempus
1465 4021 1572 4088 defini·

348 4142 433 4210 tur.1
477 4142 567 4207 Hanc
601 4140 756 4224 duplicem
789 4145 894 4208 autem
928 4138 1077 4221 temporis
1110 4135 1279 4203 definiendi
1312 4135 1466 4201 rationem
1496 4133 1573 4209 haut

351 4307 555 4320 ......--—

420 4394 516 4445 ¹Haec
534 4410 589 4444 oum
607 4392 657 4443 iam
675 4390 847 4457 scripsissem.
872 4388 954 4456 gratia
976 4386 1143 4454 praeceptoris
1169 4385 1219 4435 mei
1244 4382 1368 4435 carissimi
1386 4378 1574 4432 A.Kirchholfii

350 4490 435 4557 accepi
452 4495 565 4538 mutuum
579 4485 670 4537 librum
684 4483 821 4536 Boeclrlrii:
841 4483 943 4545 „Ueber
961 4482 1002 4532 die
1019 4480 1199 4546 vierjsehrigen
1219 4475 1404 4528 Sonnenkreise
1424 4474 1469 4525 der
1480 4473 1574 4523 Alten“

350 4582 446 4651 (Barol.
469 4580 546 4647 1863>
564 4596 614 4644 quo
633 4580 659 4631 in
676 4579 740 4631 libro
759 4595 816 4645 pag.
834 4577 895 4629 XIV
915 4577 970 4643 ipse
988 4575 1131 4628 Boeckhius
1155 4573 1281 4640 duplicem
1304 4571 1375 4622 illam
1392 4569 1512 4636 temporis
1530 4567 1574 4618 de·
