<?xml version="1.0" encoding="UTF-8"?>
<!DOCTYPE html PUBLIC "-//W3C//DTD XHTML 1.0 Transitional//EN"
    "http://www.w3.org/TR/xhtml1/DTD/xhtml1-transitional.dtd">
<html xmlns="http://www.w3.org/1999/xhtml" xml:lang="en" lang="en">
 <head>
  <title>
</title>
<meta http-equiv="Content-Type" content="text/html;charset=utf-8" />
  <meta name='ocr-system' content='tesseract 3.04.00' />
  <meta name='ocr-capabilities' content='ocr_page ocr_carea ocr_par ocr_line ocrx_word'/>
</head>
<body>
  <div class='ocr_page' id='page_1' title='image "./commentationese01neubgoog_0159.png"; bbox 0 0 3490 5296; ppageno 0'>
   <div class='ocr_carea' id='block_1_1' title="bbox 692 1250 1270 1557">
    <p class='ocr_par' dir='ltr' id='par_1_1' title="bbox 692 1250 1270 1557">
     <span class='ocr_line' id='line_1_1' title="bbox 939 1250 1017 1340; baseline -0.013 0"><span class='ocrx_word' id='word_1_1' title='bbox 939 1250 1017 1340; x_wconf 86' lang='lat' dir='ltr'><strong>XX.</strong></span> 
     </span>
     <span class='ocr_line' id='line_1_2' title="bbox 692 1457 1270 1557; baseline 0.012 -9"><span class='ocrx_word' id='word_1_2' title='bbox 692 1457 1077 1550; x_wconf 78' lang='lat' dir='ltr'><strong>Pnhnohnssahoh</strong></span> <span class='ocrx_word' id='word_1_3' title='bbox 1106 1457 1270 1557; x_wconf 79' lang='lat' dir='ltr'>SERIES.</span> 
     </span>
    </p>
   </div>
   <div class='ocr_carea' id='block_1_2' title="bbox 299 1667 1600 2551">
    <p class='ocr_par' dir='ltr' id='par_1_2' title="bbox 299 1667 1600 2551">
     <span class='ocr_line' id='line_1_3' title="bbox 369 1667 1600 1776; baseline 0.001 -18"><span class='ocrx_word' id='word_1_4' title='bbox 369 1667 455 1759; x_wconf 80' lang='lat' dir='ltr'><strong>Satis</strong></span> <span class='ocrx_word' id='word_1_5' title='bbox 470 1714 509 1759; x_wconf 85' lang='lat' dir='ltr'><strong>ex</strong></span> <span class='ocrx_word' id='word_1_6' title='bbox 530 1695 616 1758; x_wconf 88' lang='lat' dir='ltr'><strong>hisce</strong></span> <span class='ocrx_word' id='word_1_7' title='bbox 638 1693 949 1775; x_wconf 81' lang='lat' dir='ltr'>commentationibus</span> <span class='ocrx_word' id='word_1_8' title='bbox 971 1698 1167 1776; x_wconf 88' lang='lat' dir='ltr'><strong>perspectum</strong></span> <span class='ocrx_word' id='word_1_9' title='bbox 1191 1700 1239 1758; x_wconf 90' lang='lat' dir='ltr'><strong>est</strong></span> <span class='ocrx_word' id='word_1_10' title='bbox 1261 1700 1412 1774; x_wconf 84' lang='lat' dir='ltr'><strong>quantum</strong></span> <span class='ocrx_word' id='word_1_11' title='bbox 1435 1694 1600 1760; x_wconf 82' lang='lat' dir='ltr'><strong>conferant</strong></span> 
     </span>
     <span class='ocr_line' id='line_1_4' title="bbox 367 1804 1596 1887; baseline 0 -17"><span class='ocrx_word' id='word_1_12' title='bbox 367 1805 408 1870; x_wconf 86' lang='lat' dir='ltr'><strong>ad</strong></span> <span class='ocrx_word' id='word_1_13' title='bbox 430 1804 659 1885; x_wconf 81' lang='lat' dir='ltr'><strong>chronologiam</strong></span> <span class='ocrx_word' id='word_1_14' title='bbox 682 1805 905 1885; x_wconf 84' lang='lat' dir='ltr'><strong>imperatorum</strong></span> <span class='ocrx_word' id='word_1_15' title='bbox 928 1806 1040 1868; x_wconf 85' lang='lat' dir='ltr'><strong>aetatis</strong></span> <span class='ocrx_word' id='word_1_16' title='bbox 1062 1805 1320 1881; x_wconf 79' lang='lat' dir='ltr'><strong>constituendam,</strong></span> <span class='ocrx_word' id='word_1_17' title='bbox 1342 1806 1540 1887; x_wconf 89' lang='lat' dir='ltr'><strong>potissimum</strong></span> <span class='ocrx_word' id='word_1_18' title='bbox 1556 1806 1596 1870; x_wconf 84' lang='lat' dir='ltr'><strong>ad</strong></span> 
     </span>
     <span class='ocr_line' id='line_1_5' title="bbox 369 1901 1598 1997; baseline 0.002 -18"><span class='ocrx_word' id='word_1_19' title='bbox 369 1915 552 1980; x_wconf 80' lang='lat' dir='ltr'><strong>archontum</strong></span> <span class='ocrx_word' id='word_1_20' title='bbox 576 1933 674 1979; x_wconf 83' lang='lat' dir='ltr'><strong>annos</strong></span> <span class='ocrx_word' id='word_1_21' title='bbox 696 1913 895 1989; x_wconf 83' lang='lat' dir='ltr'><strong>definiendos,</strong></span> <span class='ocrx_word' id='word_1_22' title='bbox 918 1916 1119 1995; x_wconf 81' lang='lat' dir='ltr'><strong>paedotribae</strong></span> <span class='ocrx_word' id='word_1_23' title='bbox 1142 1917 1172 1980; x_wconf 92' lang='lat' dir='ltr'><strong>in</strong></span> <span class='ocrx_word' id='word_1_24' title='bbox 1188 1901 1460 1997; x_wconf 54' lang='lat' dir='ltr'><strong>ephebicis&#39;titulis</strong></span> <span class='ocrx_word' id='word_1_25' title='bbox 1476 1935 1598 1982; x_wconf 89' lang='lat' dir='ltr'><strong>conme-</strong></span> 
     </span>
     <span class='ocr_line' id='line_1_6' title="bbox 367 2026 1594 2109; baseline 0 -19"><span class='ocrx_word' id='word_1_26' title='bbox 367 2028 494 2106; x_wconf 88' lang='lat' dir='ltr'><strong>morati‚</strong></span> <span class='ocrx_word' id='word_1_27' title='bbox 520 2028 543 2090; x_wconf 92' lang='lat' dir='ltr'><strong>ii</strong></span> <span class='ocrx_word' id='word_1_28' title='bbox 565 2026 705 2108; x_wconf 89' lang='lat' dir='ltr'><strong>inprimis</strong></span> <span class='ocrx_word' id='word_1_29' title='bbox 727 2028 780 2107; x_wconf 91' lang='lat' dir='ltr'><strong>qui</strong></span> <span class='ocrx_word' id='word_1_30' title='bbox 804 2031 860 2092; x_wconf 88' lang='lat' dir='ltr'><strong>aut</strong></span> <span class='ocrx_word' id='word_1_31' title='bbox 881 2026 986 2108; x_wconf 89' lang='lat' dir='ltr'><strong>plures</strong></span> <span class='ocrx_word' id='word_1_32' title='bbox 1006 2047 1061 2108; x_wconf 88' lang='lat' dir='ltr'><strong>per</strong></span> <span class='ocrx_word' id='word_1_33' title='bbox 1083 2045 1181 2092; x_wconf 87' lang='lat' dir='ltr'><strong>annos</strong></span> <span class='ocrx_word' id='word_1_34' title='bbox 1204 2031 1260 2091; x_wconf 85' lang='lat' dir='ltr'><strong>ant</strong></span> <span class='ocrx_word' id='word_1_35' title='bbox 1281 2045 1337 2109; x_wconf 89' lang='lat' dir='ltr'><strong>per</strong></span> <span class='ocrx_word' id='word_1_36' title='bbox 1359 2028 1442 2092; x_wconf 88' lang='lat' dir='ltr'><strong>vitae</strong></span> <span class='ocrx_word' id='word_1_37' title='bbox 1471 2033 1594 2108; x_wconf 88' lang='lat' dir='ltr'><strong>tempus</strong></span> 
     </span>
     <span class='ocr_line' id='line_1_7' title="bbox 368 2136 1596 2219; baseline 0.001 -19"><span class='ocrx_word' id='word_1_38' title='bbox 368 2157 496 2203; x_wconf 88' lang='lat' dir='ltr'><strong>munere</strong></span> <span class='ocrx_word' id='word_1_39' title='bbox 518 2136 701 2218; x_wconf 80' lang='lat' dir='ltr'><strong>funguntur.</strong></span> <span class='ocrx_word' id='word_1_40' title='bbox 746 2138 858 2219; x_wconf 84' lang='lat' dir='ltr'><strong>Itaque</strong></span> <span class='ocrx_word' id='word_1_41' title='bbox 880 2138 958 2203; x_wconf 87' lang='lat' dir='ltr'><strong>haut</strong></span> <span class='ocrx_word' id='word_1_42' title='bbox 979 2136 1091 2201; x_wconf 88' lang='lat' dir='ltr'><strong>inutile</strong></span> <span class='ocrx_word' id='word_1_43' title='bbox 1113 2155 1182 2202; x_wconf 84' lang='lat' dir='ltr'><strong>csse</strong></span> <span class='ocrx_word' id='word_1_44' title='bbox 1204 2142 1292 2201; x_wconf 84' lang='lat' dir='ltr'><strong>ratus</strong></span> <span class='ocrx_word' id='word_1_45' title='bbox 1314 2137 1475 2216; x_wconf 84' lang='lat' dir='ltr'><strong>adcurate,</strong></span> <span class='ocrx_word' id='word_1_46' title='bbox 1498 2155 1596 2217; x_wconf 87' lang='lat' dir='ltr'><strong>qnan-</strong></span> 
     </span>
     <span class='ocr_line' id='line_1_8' title="bbox 367 2246 1597 2329; baseline -0.001 -18"><span class='ocrx_word' id='word_1_47' title='bbox 367 2255 434 2312; x_wconf 90' lang='lat' dir='ltr'><strong>tum</strong></span> <span class='ocrx_word' id='word_1_48' title='bbox 456 2246 525 2312; x_wconf 88' lang='lat' dir='ltr'><strong>fieri</strong></span> <span class='ocrx_word' id='word_1_49' title='bbox 546 2247 663 2329; x_wconf 87' lang='lat' dir='ltr'><strong>potuit,</strong></span> <span class='ocrx_word' id='word_1_50' title='bbox 694 2247 865 2313; x_wconf 87' lang='lat' dir='ltr'><strong>confectam</strong></span> <span class='ocrx_word' id='word_1_51' title='bbox 889 2252 921 2311; x_wconf 89' lang='lat' dir='ltr'><strong>et</strong></span> <span class='ocrx_word' id='word_1_52' title='bbox 942 2248 1033 2311; x_wconf 86' lang='lat' dir='ltr'><strong>annis</strong></span> <span class='ocrx_word' id='word_1_53' title='bbox 1056 2247 1239 2328; x_wconf 84' lang='lat' dir='ltr'><strong>dispositam</strong></span> <span class='ocrx_word' id='word_1_54' title='bbox 1268 2248 1522 2328; x_wconf 86' lang='lat' dir='ltr'><strong>paedotriberum</strong></span> <span class='ocrx_word' id='word_1_55' title='bbox 1551 2266 1597 2311; x_wconf 87' lang='lat' dir='ltr'><strong>se-</strong></span> 
     </span>
     <span class='ocr_line' id='line_1_9' title="bbox 367 2358 1595 2441; baseline 0 -19"><span class='ocrx_word' id='word_1_56' title='bbox 367 2359 444 2424; x_wconf 90' lang='lat' dir='ltr'><strong>riem</strong></span> <span class='ocrx_word' id='word_1_57' title='bbox 468 2378 505 2423; x_wconf 87' lang='lat' dir='ltr'><strong>ex</strong></span> <span class='ocrx_word' id='word_1_58' title='bbox 527 2358 751 2440; x_wconf 86' lang='lat' dir='ltr'><strong>imperatorum</strong></span> <span class='ocrx_word' id='word_1_59' title='bbox 776 2363 880 2424; x_wconf 85' lang='lat' dir='ltr'><strong>aetate</strong></span> <span class='ocrx_word' id='word_1_60' title='bbox 903 2359 953 2423; x_wconf 92' lang='lat' dir='ltr'><strong>hic</strong></span> <span class='ocrx_word' id='word_1_61' title='bbox 975 2358 1140 2437; x_wconf 84' lang='lat' dir='ltr'><strong>exhibebo,</strong></span> <span class='ocrx_word' id='word_1_62' title='bbox 1163 2358 1364 2423; x_wconf 82' lang='lat' dir='ltr'><strong>archontibus</strong></span> <span class='ocrx_word' id='word_1_63' title='bbox 1387 2359 1595 2441; x_wconf 87' lang='lat' dir='ltr'><strong>cosmetisque</strong></span> 
     </span>
     <span class='ocr_line' id='line_1_10' title="bbox 299 2467 1594 2551; baseline -0.004 -16"><span class='ocrx_word' id='word_1_64' title='bbox 299 2547 300 2550; x_wconf 8' lang='grc' dir='ltr'><strong>Ἴ</strong></span> <span class='ocrx_word' id='word_1_65' title='bbox 367 2469 543 2551; x_wconf 76' lang='lat' dir='ltr'><strong>adscriptio.</strong></span> <span class='ocrx_word' id='word_1_66' title='bbox 583 2468 711 2549; x_wconf 80' lang='lat' dir='ltr'><strong>Omitto,</strong></span> <span class='ocrx_word' id='word_1_67' title='bbox 734 2487 803 2534; x_wconf 91' lang='lat' dir='ltr'><strong>cum</strong></span> <span class='ocrx_word' id='word_1_68' title='bbox 826 2488 937 2550; x_wconf 87' lang='lat' dir='ltr'><strong>parum</strong></span> <span class='ocrx_word' id='word_1_69' title='bbox 961 2468 999 2533; x_wconf 92' lang='lat' dir='ltr'><strong>de</strong></span> <span class='ocrx_word' id='word_1_70' title='bbox 1016 2487 1123 2534; x_wconf 89' lang='lat' dir='ltr'><strong>eorum</strong></span> <span class='ocrx_word' id='word_1_71' title='bbox 1140 2472 1243 2533; x_wconf 84' lang='lat' dir='ltr'><strong>aetate</strong></span> <span class='ocrx_word' id='word_1_72' title='bbox 1260 2473 1390 2548; x_wconf 87' lang='lat' dir='ltr'><strong>constet,</strong></span> <span class='ocrx_word' id='word_1_73' title='bbox 1415 2467 1515 2532; x_wconf 78' lang='grc' dir='ltr'><em>Φίλιον</em></span> <span class='ocrx_word' id='word_1_74' title='bbox 1531 2468 1594 2530; x_wconf 87' lang='grc' dir='ltr'><em>Διο-</em></span> 
     </span>
    </p>
   </div>
   <div class='ocr_carea' id='block_1_3' title="bbox 367 2578 1593 2887">
    <p class='ocr_par' dir='ltr' id='par_1_3' title="bbox 367 2578 1593 2887">
     <span class='ocr_line' id='line_1_11' title="bbox 368 2578 1593 2664; baseline -0.002 -20"><span class='ocrx_word' id='word_1_75' title='bbox 368 2580 476 2649; x_wconf 77' lang='grc' dir='ltr'><em>κλέους</em></span> <span class='ocrx_word' id='word_1_76' title='bbox 499 2578 676 2664; x_wconf 76' lang='grc' dir='ltr'><em>Φρειίρριον</em></span> <span class='ocrx_word' id='word_1_77' title='bbox 700 2578 748 2661; x_wconf 80' lang='lat' dir='ltr'><strong>(O.</strong></span> <span class='ocrx_word' id='word_1_78' title='bbox 771 2580 797 2644; x_wconf 93' lang='lat' dir='ltr'><strong>I.</strong></span> <span class='ocrx_word' id='word_1_79' title='bbox 814 2584 875 2642; x_wconf 82' lang='lat'><strong>255</strong></span> <span class='ocrx_word' id='word_1_80' title='bbox 900 2578 1029 2658; x_wconf 85' lang='lat' dir='ltr'><strong>Ephem.</strong></span> <span class='ocrx_word' id='word_1_81' title='bbox 1053 2580 1139 2643; x_wconf 84' lang='lat' dir='ltr'><strong>arch.</strong></span> <span class='ocrx_word' id='word_1_82' title='bbox 1159 2583 1249 2644; x_wconf 84' lang='grc'><strong>1384.</strong></span> <span class='ocrx_word' id='word_1_83' title='bbox 1283 2578 1398 2643; x_wconf 86' lang='lat' dir='ltr'><strong>Pittak.</strong></span> <span class='ocrx_word' id='word_1_84' title='bbox 1416 2579 1503 2643; x_wconf 85' lang='lat' dir='ltr'><strong>i&#39;anc.</strong></span> <span class='ocrx_word' id='word_1_85' title='bbox 1520 2580 1593 2643; x_wconf 82' lang='lat' dir='ltr'><strong>Ath.</strong></span> 
     </span>
     <span class='ocr_line' id='line_1_12' title="bbox 367 2686 1593 2776; baseline -0.003 -21"><span class='ocrx_word' id='word_1_86' title='bbox 367 2692 436 2774; x_wconf 70' lang='lat' dir='ltr'><strong>pa&#39;g.</strong></span> <span class='ocrx_word' id='word_1_87' title='bbox 461 2696 522 2755; x_wconf 84' lang='grc'><strong>466</strong></span> <span class='ocrx_word' id='word_1_88' title='bbox 546 2686 705 2776; x_wconf 57' lang='lat' dir='ltr'><strong>’Eropum</strong></span> <span class='ocrx_word' id='word_1_89' title='bbox 729 2689 831 2752; x_wconf 79' lang='grc' dir='ltr'><em>ἀνέκιλ.</em></span> <span class='ocrx_word' id='word_1_90' title='bbox 858 2695 949 2769; x_wconf 85' lang='grc'>1860,</span> <span class='ocrx_word' id='word_1_91' title='bbox 973 2688 1141 2774; x_wconf 77' lang='grc' dir='ltr'><em>φνλλιίὸων</em></span> <span class='ocrx_word' id='word_1_92' title='bbox 1165 2690 1187 2750; x_wconf 81' lang='grc' dir='ltr'><strong>οί</strong></span> <span class='ocrx_word' id='word_1_93' title='bbox 1207 2708 1256 2753; x_wconf 88' lang='lat' dir='ltr'><strong>no.</strong></span> <span class='ocrx_word' id='word_1_94' title='bbox 1283 2690 1345 2771; x_wconf 76' lang='lat'>14),</span> <span class='ocrx_word' id='word_1_95' title='bbox 1369 2688 1470 2752; x_wconf 78' lang='grc' dir='ltr'><em>Φίλιον</em></span> <span class='ocrx_word' id='word_1_96' title='bbox 1493 2687 1593 2752; x_wconf 77' lang='grc' dir='ltr'><em>Φιλίου</em></span> 
     </span>
     <span class='ocr_line' id='line_1_13' title="bbox 368 2797 1558 2887; baseline -0.001 -22"><span class='ocrx_word' id='word_1_97' title='bbox 368 2801 525 2887; x_wconf 76' lang='grc' dir='ltr'><em>νεώτερον</em></span> <span class='ocrx_word' id='word_1_98' title='bbox 550 2799 728 2886; x_wconf 75' lang='grc' dir='ltr'><em>Φρεάρριον</em></span> <span class='ocrx_word' id='word_1_99' title='bbox 752 2808 783 2867; x_wconf 84' lang='lat' dir='ltr'><strong>et</strong></span> <span class='ocrx_word' id='word_1_100' title='bbox 808 2797 1029 2887; x_wconf 66' lang='lat' dir='ltr'><strong>&#39;Anoidrnrio‘nr</strong></span> <span class='ocrx_word' id='word_1_101' title='bbox 1054 2797 1232 2886; x_wconf 75' lang='grc' dir='ltr'><em>Φρεάρριον</em></span> <span class='ocrx_word' id='word_1_102' title='bbox 1256 2800 1389 2883; x_wconf 87' lang='lat' dir='ltr'><strong>(Philist.</strong></span> <span class='ocrx_word' id='word_1_103' title='bbox 1409 2800 1450 2876; x_wconf 83' lang='lat' dir='ltr'><strong>II,</strong></span> <span class='ocrx_word' id='word_1_104' title='bbox 1476 2802 1558 2881; x_wconf 78' lang='lat'><strong>187).</strong></span> 
     </span>
    </p>
   </div>
   <div class='ocr_carea' id='block_1_4' title="bbox 825 3025 1130 3037">
    <p class='ocr_par' dir='ltr' id='par_1_4' title="bbox 825 3025 1130 3037">
     <span class='ocr_line' id='line_1_14' title="bbox 825 3025 1130 3037; baseline -0.01 0"><span class='ocrx_word' id='word_1_105' title='bbox 825 3025 1130 3037; x_wconf 79' lang='grc'><strong>,-.-----</strong></span> 
     </span>
    </p>
   </div>
   <div class='ocr_carea' id='block_1_5' title="bbox 470 3256 1492 3351">
    <p class='ocr_par' dir='ltr' id='par_1_5' title="bbox 470 3256 1492 3351">
     <span class='ocr_line' id='line_1_15' title="bbox 470 3256 1492 3351; baseline -0.001 -26"><span class='ocrx_word' id='word_1_106' title='bbox 470 3260 702 3351; x_wconf 68' lang='grc' dir='ltr'><em>Θηβαγένης</em></span> <span class='ocrx_word' id='word_1_107' title='bbox 723 3264 782 3326; x_wconf 84' lang='grc' dir='ltr'><strong>καλ</strong></span> <span class='ocrx_word' id='word_1_108' title='bbox 806 3263 1015 3350; x_wconf 77' lang='grc' dir='ltr'><em>θεόόωρος</em></span> <span class='ocrx_word' id='word_1_109' title='bbox 1038 3263 1073 3325; x_wconf 74' lang='lat' dir='ltr'><strong>ni</strong></span> <span class='ocrx_word' id='word_1_110' title='bbox 1096 3258 1292 3350; x_wconf 71' lang='lat' dir='ltr'><strong>&#39;Ippvar&#39;oo</strong></span> <span class='ocrx_word' id='word_1_111' title='bbox 1313 3256 1492 3345; x_wconf 78' lang='grc' dir='ltr'><em>Ἕρμειοι</em></span> 
     </span>
    </p>
   </div>
   <div class='ocr_carea' id='block_1_6' title="bbox 389 3405 1472 3826">
    <p class='ocr_par' dir='ltr' id='par_1_6' title="bbox 389 3405 1472 3826">
     <span class='ocr_line' id='line_1_16' title="bbox 389 3405 968 3492; baseline -0.007 -16"><span class='ocrx_word' id='word_1_112' title='bbox 389 3408 599 3476; x_wconf 60' lang='lat' dir='ltr'><strong>⁴¹1heht-(i)</strong></span> <span class='ocrx_word' id='word_1_113' title='bbox 655 3405 747 3492; x_wconf 77' lang='lat' dir='ltr'><strong>Oorp.</strong></span> <span class='ocrx_word' id='word_1_114' title='bbox 770 3407 871 3471; x_wconf 76' lang='lat' dir='ltr'><strong>Iacer.</strong></span> <span class='ocrx_word' id='word_1_115' title='bbox 895 3412 968 3474; x_wconf 78' lang='lat'><strong><em>265.</em></strong></span> 
     </span>
     <span class='ocr_line' id='line_1_17' title="bbox 600 3515 1273 3605; baseline -0.004 -21"><span class='ocrx_word' id='word_1_116' title='bbox 600 3568 604 3573; x_wconf 74' lang='lat'><strong>·</strong></span> <span class='ocrx_word' id='word_1_117' title='bbox 733 3520 867 3586; x_wconf 84' lang='lat' dir='ltr'><strong>Archon.</strong></span> <span class='ocrx_word' id='word_1_118' title='bbox 889 3519 1039 3601; x_wconf 80' lang='grc' dir='ltr'><em>βασιλεὺς</em></span> <span class='ocrx_word' id='word_1_119' title='bbox 1056 3515 1273 3605; x_wconf 74' lang='grc' dir='ltr'><em>Ῥοιμητάλκας</em></span> 
     </span>
     <span class='ocr_line' id='line_1_18' title="bbox 734 3631 1000 3696; baseline 0 0"><span class='ocrx_word' id='word_1_120' title='bbox 734 3631 879 3696; x_wconf 83' lang='lat' dir='ltr'><strong>Cosmeta</strong></span> <span class='ocrx_word' id='word_1_121' title='bbox 902 3633 1000 3696; x_wconf 88' lang='lat' dir='ltr'><strong>deest.</strong></span> 
     </span>
     <span class='ocr_line' id='line_1_19' title="bbox 652 3734 1472 3826; baseline -0.004 -19"><span class='ocrx_word' id='word_1_122' title='bbox 652 3743 698 3808; x_wconf 88' lang='lat' dir='ltr'><strong>De</strong></span> <span class='ocrx_word' id='word_1_123' title='bbox 720 3762 802 3808; x_wconf 87' lang='lat' dir='ltr'><strong>anno</strong></span> <span class='ocrx_word' id='word_1_124' title='bbox 824 3743 981 3824; x_wconf 83' lang='lat' dir='ltr'><strong>conferas,</strong></span> <span class='ocrx_word' id='word_1_125' title='bbox 1008 3761 1090 3826; x_wconf 85' lang='lat' dir='ltr'><strong>quae</strong></span> <span class='ocrx_word' id='word_1_126' title='bbox 1112 3760 1182 3824; x_wconf 83' lang='lat' dir='ltr'><strong>pag.</strong></span> <span class='ocrx_word' id='word_1_127' title='bbox 1210 3747 1264 3807; x_wconf 84' lang='lat'><strong>141</strong></span> <span class='ocrx_word' id='word_1_128' title='bbox 1292 3741 1434 3807; x_wconf 84' lang='lat' dir='ltr'><strong>diximus.</strong></span> <span class='ocrx_word' id='word_1_129' title='bbox 1470 3734 1472 3737; x_wconf 74' lang='grc'><strong>’</strong></span> 
     </span>
    </p>
   </div>
   <div class='ocr_carea' id='block_1_7' title="bbox 466 3903 667 3989">
    <p class='ocr_par' dir='ltr' id='par_1_7' title="bbox 466 3903 667 3989">
     <span class='ocr_line' id='line_1_20' title="bbox 466 3903 667 3989; baseline -0.005 -21"><span class='ocrx_word' id='word_1_130' title='bbox 466 3903 667 3989; x_wconf 82' lang='grc' dir='ltr'><em>Διότιμος.</em></span> 
     </span>
    </p>
   </div>
   <div class='ocr_carea' id='block_1_8' title="bbox 545 4051 1339 4676">
    <p class='ocr_par' dir='ltr' id='par_1_8' title="bbox 545 4051 1339 4676">
     <span class='ocr_line' id='line_1_21' title="bbox 547 4051 1084 4133; baseline -0.009 -12"><span class='ocrx_word' id='word_1_131' title='bbox 547 4068 602 4121; x_wconf 82' lang='grc'><strong>43.·</strong></span> <span class='ocrx_word' id='word_1_132' title='bbox 654 4051 788 4133; x_wconf 89' lang='lat' dir='ltr'><strong>primum</strong></span> <span class='ocrx_word' id='word_1_133' title='bbox 806 4071 931 4117; x_wconf 85' lang='lat' dir='ltr'><strong>annum.</strong></span> <span class='ocrx_word' id='word_1_134' title='bbox 1000 4051 1084 4117; x_wconf 86' lang='lat' dir='ltr'><strong>tituli</strong></span> 
     </span>
     <span class='ocr_line' id='line_1_22' title="bbox 545 4053 1115 4256; baseline -0.011 -24"><span class='ocrx_word' id='word_1_135' title='bbox 545 4181 587 4232; x_wconf 82' lang='grc'><strong>44.</strong></span> <span class='ocrx_word' id='word_1_136' title='bbox 654 4165 875 4230; x_wconf 87' lang='lat' dir='ltr'><strong>secunduma.</strong></span> <span class='ocrx_word' id='word_1_137' title='bbox 961 4053 1115 4256; x_wconf 69' lang='lat' dir='ltr'><strong>ldesnnt</strong></span> 
     </span>
     <span class='ocr_line' id='line_1_23' title="bbox 545 4274 832 4345; baseline -0.021 0"><span class='ocrx_word' id='word_1_138' title='bbox 545 4290 587 4345; x_wconf 79' lang='lat'><strong>45.</strong></span> <span class='ocrx_word' id='word_1_139' title='bbox 654 4274 781 4339; x_wconf 84' lang='lat' dir='ltr'><strong>tertium</strong></span> <span class='ocrx_word' id='word_1_140' title='bbox 803 4294 832 4339; x_wconf 85' lang='lat' dir='ltr'><strong>a.</strong></span> 
     </span>
     <span class='ocr_line' id='line_1_24' title="bbox 655 4380 1339 4470; baseline 0 -23"><span class='ocrx_word' id='word_1_141' title='bbox 655 4380 746 4470; x_wconf 64' lang='grc' dir='ltr'><em>(λων.</em></span> <span class='ocrx_word' id='word_1_142' title='bbox 770 4384 872 4450; x_wconf 74' lang='lat' dir='ltr'><strong>Iacer.</strong></span> <span class='ocrx_word' id='word_1_143' title='bbox 895 4386 968 4448; x_wconf 75' lang='lat'><strong>282.</strong></span> <span class='ocrx_word' id='word_1_144' title='bbox 1014 4381 1182 4449; x_wconf 65' lang='lat' dir='ltr'><strong>Phthour.</strong></span> <span class='ocrx_word' id='word_1_145' title='bbox 1206 4380 1267 4462; x_wconf 86' lang='lat' dir='ltr'><strong>IV,</strong></span> <span class='ocrx_word' id='word_1_146' title='bbox 1291 4383 1339 4447; x_wconf 83' lang='lat'><strong>73.</strong></span> 
     </span>
     <span class='ocr_line' id='line_1_25' title="bbox 733 4492 1044 4582; baseline -0.019 -20"><span class='ocrx_word' id='word_1_147' title='bbox 733 4497 826 4562; x_wconf 75' lang='lat' dir='ltr'><strong>Arch</strong></span> <span class='ocrx_word' id='word_1_148' title='bbox 851 4492 1044 4582; x_wconf 74' lang='grc' dir='ltr'><em>Ἀντίπατρος</em></span> 
     </span>
     <span class='ocr_line' id='line_1_26' title="bbox 735 4604 1182 4676; baseline -0.013 -2"><span class='ocrx_word' id='word_1_149' title='bbox 735 4608 836 4674; x_wconf 79' lang='lat' dir='ltr'><strong>Cosm.</strong></span> <span class='ocrx_word' id='word_1_150' title='bbox 858 4606 965 4670; x_wconf 85' lang='grc' dir='ltr'><em>Κλέων</em></span> <span class='ocrx_word' id='word_1_151' title='bbox 987 4604 1182 4676; x_wconf 77' lang='grc' dir='ltr'><em>Μενεσθέως.</em></span> 
     </span>
    </p>
   </div>
   <div class='ocr_carea' id='block_1_9' title="bbox 0 0 1750 5296">
    <p class='ocr_par' dir='ltr' id='par_1_9' title="bbox 0 0 1750 5296">
     <span class='ocr_line' id='line_1_27' title="bbox 0 0 1750 5296; baseline 0 3"><span class='ocrx_word' id='word_1_152' title='bbox 0 0 1750 5296; x_wconf 95' lang='lat' dir='ltr'><strong> </strong></span> 
     </span>
    </p>
   </div>
  </div>
 </body>
</html>
