<?xml version="1.0" encoding="UTF-8"?>
<!DOCTYPE html PUBLIC "-//W3C//DTD XHTML 1.0 Transitional//EN"
    "http://www.w3.org/TR/xhtml1/DTD/xhtml1-transitional.dtd">
<html xmlns="http://www.w3.org/1999/xhtml" xml:lang="en" lang="en">
 <head>
  <title>
</title>
<meta http-equiv="Content-Type" content="text/html;charset=utf-8" />
  <meta name='ocr-system' content='tesseract 3.04.00' />
  <meta name='ocr-capabilities' content='ocr_page ocr_carea ocr_par ocr_line ocrx_word'/>
</head>
<body>
  <div class='ocr_page' id='page_1' title='image "./commentationese01neubgoog_0068.png"; bbox 0 0 3510 5304; ppageno 0'>
   <div class='ocr_carea' id='block_1_1' title="bbox 670 406 882 468">
    <p class='ocr_par' dir='ltr' id='par_1_1' title="bbox 670 406 882 468">
     <span class='ocr_line' id='line_1_1' title="bbox 670 406 882 468; baseline 0.005 -18"><span class='ocrx_word' id='word_1_1' title='bbox 670 406 882 468; x_wconf 64' lang='lat'><strong>„57..</strong></span> 
     </span>
    </p>
   </div>
   <div class='ocr_carea' id='block_1_2' title="bbox 162 585 1395 1898">
    <p class='ocr_par' dir='ltr' id='par_1_2' title="bbox 165 585 1393 1346">
     <span class='ocr_line' id='line_1_2' title="bbox 168 585 1390 681; baseline 0 -24"><span class='ocrx_word' id='word_1_2' title='bbox 168 592 250 658; x_wconf 89' lang='lat' dir='ltr'>lilius</span> <span class='ocrx_word' id='word_1_3' title='bbox 272 585 407 659; x_wconf 91' lang='lat' dir='ltr'>Herodis</span> <span class='ocrx_word' id='word_1_4' title='bbox 430 592 527 658; x_wconf 89' lang='lat' dir='ltr'>Attici</span> <span class='ocrx_word' id='word_1_5' title='bbox 556 598 605 658; x_wconf 90' lang='lat' dir='ltr'>est</span> <span class='ocrx_word' id='word_1_6' title='bbox 626 594 733 681; x_wconf 68' lang='grc' dir='ltr'>κῆρυξ,</span> <span class='ocrx_word' id='word_1_7' title='bbox 757 630 797 640; x_wconf 90' lang='grc'>-</span> <span class='ocrx_word' id='word_1_8' title='bbox 822 592 859 654; x_wconf 91' lang='lat' dir='ltr'>ln</span> <span class='ocrx_word' id='word_1_9' title='bbox 882 589 947 653; x_wconf 77' lang='lat' dir='ltr'>dcl.</span> <span class='ocrx_word' id='word_1_10' title='bbox 965 591 1019 665; x_wconf 86' lang='grc' dir='ltr'>ΙΙΙ,</span> <span class='ocrx_word' id='word_1_11' title='bbox 1043 596 1105 656; x_wconf 76' lang='lat' dir='ltr'>loa</span> <span class='ocrx_word' id='word_1_12' title='bbox 1128 610 1176 655; x_wconf 93' lang='lat' dir='ltr'>no.</span> <span class='ocrx_word' id='word_1_13' title='bbox 1195 595 1234 655; x_wconf 83' lang='lat'>58</span> <span class='ocrx_word' id='word_1_14' title='bbox 1260 591 1293 654; x_wconf 93' lang='lat' dir='ltr'>in</span> <span class='ocrx_word' id='word_1_15' title='bbox 1316 591 1390 659; x_wconf 90' lang='lat' dir='ltr'>sede</span> 
     </span>
     <span class='ocr_line' id='line_1_3' title="bbox 165 702 1393 790; baseline -0.003 -21"><span class='ocrx_word' id='word_1_16' title='bbox 165 723 346 780; x_wconf 88' lang='lat' dir='ltr'>marmorea,</span> <span class='ocrx_word' id='word_1_17' title='bbox 367 704 495 769; x_wconf 85' lang='lat' dir='ltr'>inventa</span> <span class='ocrx_word' id='word_1_18' title='bbox 514 705 547 769; x_wconf 94' lang='lat' dir='ltr'>in</span> <span class='ocrx_word' id='word_1_19' title='bbox 571 704 757 786; x_wconf 87' lang='lat' dir='ltr'>Dionysiaco</span> <span class='ocrx_word' id='word_1_20' title='bbox 773 703 907 783; x_wconf 83' lang='lat' dir='ltr'>theatro,</span> <span class='ocrx_word' id='word_1_21' title='bbox 929 702 1059 785; x_wconf 90' lang='lat' dir='ltr'>legitur:</span> <span class='ocrx_word' id='word_1_22' title='bbox 1083 702 1216 790; x_wconf 70' lang='grc' dir='ltr'><em>κήρυκος</em></span> <span class='ocrx_word' id='word_1_23' title='bbox 1236 705 1393 784; x_wconf 64' lang='lat' dir='ltr'>anparai&lt;</span> 
     </span>
     <span class='ocr_line' id='line_1_4' title="bbox 167 812 1393 900; baseline 0.001 -23"><span class='ocrx_word' id='word_1_24' title='bbox 167 817 213 877; x_wconf 81' lang='grc' dir='ltr'>καὶ</span> <span class='ocrx_word' id='word_1_25' title='bbox 233 814 356 900; x_wconf 76' lang='grc' dir='ltr'><strong>ἱερέως.</strong></span> <span class='ocrx_word' id='word_1_26' title='bbox 402 814 544 895; x_wconf 86' lang='lat' dir='ltr'>Denique</span> <span class='ocrx_word' id='word_1_27' title='bbox 572 814 667 880; x_wconf 90' lang='lat' dir='ltr'>etiam</span> <span class='ocrx_word' id='word_1_28' title='bbox 693 813 725 878; x_wconf 93' lang='lat' dir='ltr'>iu</span> <span class='ocrx_word' id='word_1_29' title='bbox 749 813 872 880; x_wconf 90' lang='lat' dir='ltr'>theatro</span> <span class='ocrx_word' id='word_1_30' title='bbox 894 813 1081 896; x_wconf 84' lang='lat' dir='ltr'>Dionysiaca</span> <span class='ocrx_word' id='word_1_31' title='bbox 1102 813 1264 893; x_wconf 88' lang='lat' dir='ltr'>praeconis</span> <span class='ocrx_word' id='word_1_32' title='bbox 1286 812 1393 879; x_wconf 90' lang='lat' dir='ltr'>sedem</span> 
     </span>
     <span class='ocr_line' id='line_1_5' title="bbox 165 921 1393 1013; baseline -0.003 -22"><span class='ocrx_word' id='word_1_33' title='bbox 165 927 250 991; x_wconf 81' lang='lat' dir='ltr'>iuxta</span> <span class='ocrx_word' id='word_1_34' title='bbox 282 929 457 1006; x_wconf 82' lang='lat' dir='ltr'><strong>strategum</strong></span> <span class='ocrx_word' id='word_1_35' title='bbox 483 924 580 990; x_wconf 87' lang='lat' dir='ltr'>fuisse</span> <span class='ocrx_word' id='word_1_36' title='bbox 610 924 702 992; x_wconf 86' lang='lat' dir='ltr'>docet</span> <span class='ocrx_word' id='word_1_37' title='bbox 727 921 836 1013; x_wconf 75' lang='grc' dir='ltr'><em>Ἐφἠμ.</em></span> <span class='ocrx_word' id='word_1_38' title='bbox 868 923 938 1013; x_wconf 57' lang='lat' dir='ltr'>apg.</span> <span class='ocrx_word' id='word_1_39' title='bbox 968 947 1035 1011; x_wconf 77' lang='grc' dir='ltr'><strong><em>περ.</em></strong></span> <span class='ocrx_word' id='word_1_40' title='bbox 1065 923 1103 990; x_wconf 91' lang='grc' dir='ltr'>Β.</span> <span class='ocrx_word' id='word_1_41' title='bbox 1136 928 1303 1006; x_wconf 88' lang='lat' dir='ltr'>pag.103,</span> <span class='ocrx_word' id='word_1_42' title='bbox 1337 923 1393 989; x_wconf 92' lang='lat' dir='ltr'>ubi</span> 
     </span>
     <span class='ocr_line' id='line_1_6' title="bbox 165 1034 1390 1118; baseline 0.001 -19"><span class='ocrx_word' id='word_1_43' title='bbox 165 1036 244 1101; x_wconf 85' lang='lat' dir='ltr'>duae</span> <span class='ocrx_word' id='word_1_44' title='bbox 273 1037 364 1102; x_wconf 87' lang='lat' dir='ltr'>sedes</span> <span class='ocrx_word' id='word_1_45' title='bbox 391 1054 598 1111; x_wconf 81' lang='lat' dir='ltr'>marmoreae,</span> <span class='ocrx_word' id='word_1_46' title='bbox 631 1053 749 1116; x_wconf 90' lang='lat' dir='ltr'>eaeque</span> <span class='ocrx_word' id='word_1_47' title='bbox 780 1034 999 1110; x_wconf 67' lang='lat' dir='ltr'>cohaerentes</span> <span class='ocrx_word' id='word_1_48' title='bbox 1032 1053 1114 1118; x_wconf 85' lang='lat' dir='ltr'>quae</span> <span class='ocrx_word' id='word_1_49' title='bbox 1143 1034 1176 1099; x_wconf 92' lang='lat' dir='ltr'>in</span> <span class='ocrx_word' id='word_1_50' title='bbox 1203 1034 1390 1116; x_wconf 85' lang='lat' dir='ltr'>Dionysiaca</span> 
     </span>
     <span class='ocr_line' id='line_1_7' title="bbox 165 1144 1393 1228; baseline -0.002 -16"><span class='ocrx_word' id='word_1_51' title='bbox 165 1149 287 1214; x_wconf 90' lang='lat' dir='ltr'>theatro</span> <span class='ocrx_word' id='word_1_52' title='bbox 315 1152 390 1214; x_wconf 88' lang='lat' dir='ltr'>sunt</span> <span class='ocrx_word' id='word_1_53' title='bbox 417 1152 575 1228; x_wconf 83' lang='lat' dir='ltr'>repertae,</span> <span class='ocrx_word' id='word_1_54' title='bbox 604 1146 818 1227; x_wconf 75' lang='lat' dir='ltr'>detineantur,</span> <span class='ocrx_word' id='word_1_55' title='bbox 844 1164 978 1228; x_wconf 89' lang='lat' dir='ltr'>quarum</span> <span class='ocrx_word' id='word_1_56' title='bbox 1005 1144 1097 1211; x_wconf 92' lang='lat' dir='ltr'>alteri</span> <span class='ocrx_word' id='word_1_57' title='bbox 1127 1145 1311 1228; x_wconf 91' lang='lat' dir='ltr'>inscriptum</span> <span class='ocrx_word' id='word_1_58' title='bbox 1343 1149 1393 1210; x_wconf 91' lang='lat' dir='ltr'>est</span> 
     </span>
     <span class='ocr_line' id='line_1_8' title="bbox 165 1247 697 1346; baseline -0.004 -25"><span class='ocrx_word' id='word_1_59' title='bbox 165 1247 353 1345; x_wconf 67' lang='lat' dir='ltr'>orpacppod,</span> <span class='ocrx_word' id='word_1_60' title='bbox 376 1257 466 1325; x_wconf 82' lang='lat' dir='ltr'>alteri</span> <span class='ocrx_word' id='word_1_61' title='bbox 489 1259 632 1346; x_wconf 77' lang='grc' dir='ltr'>κήρυκος.</span> <span class='ocrx_word' id='word_1_62' title='bbox 653 1293 697 1305; x_wconf 93' lang='lat'><em>-</em></span> 
     </span>
    </p>

    <p class='ocr_par' dir='ltr' id='par_1_3' title="bbox 162 1366 1395 1898">
     <span class='ocr_line' id='line_1_9' title="bbox 248 1366 1393 1451; baseline 0 -17"><span class='ocrx_word' id='word_1_63' title='bbox 248 1369 356 1434; x_wconf 88' lang='lat' dir='ltr'>Etiam</span> <span class='ocrx_word' id='word_1_64' title='bbox 378 1369 599 1451; x_wconf 89' lang='lat' dir='ltr'>agoranomiae</span> <span class='ocrx_word' id='word_1_65' title='bbox 614 1386 727 1434; x_wconf 89' lang='lat' dir='ltr'>munus</span> <span class='ocrx_word' id='word_1_66' title='bbox 743 1372 811 1434; x_wconf 90' lang='lat' dir='ltr'>tum</span> <span class='ocrx_word' id='word_1_67' title='bbox 826 1369 976 1451; x_wconf 87' lang='lat' dir='ltr'>temporis</span> <span class='ocrx_word' id='word_1_68' title='bbox 991 1368 1070 1434; x_wconf 90' lang='lat' dir='ltr'>adeo</span> <span class='ocrx_word' id='word_1_69' title='bbox 1085 1387 1148 1434; x_wconf 90' lang='lat' dir='ltr'>non</span> <span class='ocrx_word' id='word_1_70' title='bbox 1162 1366 1280 1435; x_wconf 85' lang='lat' dir='ltr'>humile</span> <span class='ocrx_word' id='word_1_71' title='bbox 1296 1367 1393 1434; x_wconf 91' lang='lat' dir='ltr'>fuisse</span> 
     </span>
     <span class='ocr_line' id='line_1_10' title="bbox 163 1479 1391 1564; baseline 0.001 -19"><span class='ocrx_word' id='word_1_72' title='bbox 163 1485 199 1557; x_wconf 88' lang='lat' dir='ltr'>ut</span> <span class='ocrx_word' id='word_1_73' title='bbox 221 1479 272 1545; x_wconf 84' lang='lat' dir='ltr'>vel</span> <span class='ocrx_word' id='word_1_74' title='bbox 294 1499 315 1545; x_wconf 90' lang='lat' dir='ltr'>a</span> <span class='ocrx_word' id='word_1_75' title='bbox 337 1479 537 1546; x_wconf 86' lang='lat' dir='ltr'>nobilissimis</span> <span class='ocrx_word' id='word_1_76' title='bbox 559 1479 679 1546; x_wconf 87' lang='lat' dir='ltr'>civibus</span> <span class='ocrx_word' id='word_1_77' title='bbox 702 1479 862 1546; x_wconf 84' lang='lat' dir='ltr'>subiretur</span> <span class='ocrx_word' id='word_1_78' title='bbox 884 1499 945 1546; x_wconf 92' lang='lat' dir='ltr'>uno</span> <span class='ocrx_word' id='word_1_79' title='bbox 969 1480 1095 1564; x_wconf 87' lang='lat' dir='ltr'>quidem</span> <span class='ocrx_word' id='word_1_80' title='bbox 1121 1481 1298 1547; x_wconf 89' lang='lat' dir='ltr'>testimonio</span> <span class='ocrx_word' id='word_1_81' title='bbox 1321 1498 1391 1546; x_wconf 85' lang='lat' dir='ltr'>con·</span> 
     </span>
     <span class='ocr_line' id='line_1_11' title="bbox 163 1589 1395 1674; baseline -0.003 -17"><span class='ocrx_word' id='word_1_82' title='bbox 163 1592 328 1673; x_wconf 88' lang='lat' dir='ltr'>probatur,</span> <span class='ocrx_word' id='word_1_83' title='bbox 351 1590 405 1657; x_wconf 89' lang='lat' dir='ltr'>scl.</span> <span class='ocrx_word' id='word_1_84' title='bbox 427 1590 519 1656; x_wconf 89' lang='lat' dir='ltr'>titulo</span> <span class='ocrx_word' id='word_1_85' title='bbox 542 1591 626 1673; x_wconf 89' lang='lat' dir='ltr'>apud</span> <span class='ocrx_word' id='word_1_86' title='bbox 647 1590 764 1655; x_wconf 78' lang='lat' dir='ltr'>Pittalc.</span> <span class='ocrx_word' id='word_1_87' title='bbox 786 1589 876 1658; x_wconf 87' lang='lat' dir='ltr'>l’auc.</span> <span class='ocrx_word' id='word_1_88' title='bbox 892 1592 966 1657; x_wconf 92' lang='lat' dir='ltr'>Atb.</span> <span class='ocrx_word' id='word_1_89' title='bbox 990 1610 1061 1674; x_wconf 87' lang='lat' dir='ltr'>pag.</span> <span class='ocrx_word' id='word_1_90' title='bbox 1088 1595 1157 1667; x_wconf 80' lang='lat'>122,</span> <span class='ocrx_word' id='word_1_91' title='bbox 1181 1592 1198 1653; x_wconf 85' lang='lat' dir='ltr'>d</span> <span class='ocrx_word' id='word_1_92' title='bbox 1220 1590 1321 1669; x_wconf 74' lang='grc' dir='ltr'>δεῖνα]</span> <span class='ocrx_word' id='word_1_93' title='bbox 1346 1589 1395 1653; x_wconf 81' lang='grc' dir='ltr'>ἐπὶ</span> 
     </span>
     <span class='ocr_line' id='line_1_12' title="bbox 163 1697 1393 1790; baseline 0.005 -28"><span class='ocrx_word' id='word_1_94' title='bbox 163 1707 219 1789; x_wconf 72' lang='grc' dir='ltr'>τῆς</span> <span class='ocrx_word' id='word_1_95' title='bbox 247 1699 458 1787; x_wconf 71' lang='grc' dir='ltr'><em>ἀγορανομίας</em></span> <span class='ocrx_word' id='word_1_96' title='bbox 472 1697 615 1787; x_wconf 77' lang='grc' dir='ltr'><em>Ἡρώδου</em></span> <span class='ocrx_word' id='word_1_97' title='bbox 641 1698 768 1766; x_wconf 78' lang='grc' dir='ltr'><em>Ἀττικοῦ</em></span> <span class='ocrx_word' id='word_1_98' title='bbox 796 1700 959 1790; x_wconf 71' lang='grc' dir='ltr'><em>ἀνέθηκεν.</em></span> <span class='ocrx_word' id='word_1_99' title='bbox 1004 1703 1146 1787; x_wconf 84' lang='lat' dir='ltr'>Cumque</span> <span class='ocrx_word' id='word_1_100' title='bbox 1172 1704 1205 1768; x_wconf 90' lang='lat' dir='ltr'>in</span> <span class='ocrx_word' id='word_1_101' title='bbox 1234 1703 1393 1785; x_wconf 82' lang='lat' dir='ltr'>ephebicis</span> 
     </span>
     <span class='ocr_line' id='line_1_13' title="bbox 162 1813 1395 1898; baseline 0 -20"><span class='ocrx_word' id='word_1_102' title='bbox 162 1813 282 1890; x_wconf 87' lang='lat' dir='ltr'>titulis,</span> <span class='ocrx_word' id='word_1_103' title='bbox 310 1814 441 1896; x_wconf 85' lang='lat' dir='ltr'>integris</span> <span class='ocrx_word' id='word_1_104' title='bbox 462 1813 606 1894; x_wconf 83' lang='lat' dir='ltr'>quidem,</span> <span class='ocrx_word' id='word_1_105' title='bbox 633 1815 695 1881; x_wconf 91' lang='lat' dir='ltr'>duo</span> <span class='ocrx_word' id='word_1_106' title='bbox 717 1817 899 1897; x_wconf 86' lang='lat' dir='ltr'>agoranomi</span> <span class='ocrx_word' id='word_1_107' title='bbox 928 1834 1052 1898; x_wconf 88' lang='lat' dir='ltr'>semper</span> <span class='ocrx_word' id='word_1_108' title='bbox 1076 1818 1314 1894; x_wconf 83' lang='lat' dir='ltr'>recenseantur,</span> <span class='ocrx_word' id='word_1_109' title='bbox 1346 1818 1395 1879; x_wconf 91' lang='lat' dir='ltr'>tot</span> 
     </span>
    </p>
   </div>
   <div class='ocr_carea' id='block_1_3' title="bbox 28 1914 1392 2230">
    <p class='ocr_par' dir='ltr' id='par_1_4' title="bbox 28 1888 1392 2231">
     <span class='ocr_line' id='line_1_14' title="bbox 28 1914 1392 2010; baseline -0.002 -18"><span class='ocrx_word' id='word_1_110' title='bbox 28 1914 30 1945; x_wconf 60' lang='lat'><em>&#39;</em></span> <span class='ocrx_word' id='word_1_111' title='bbox 161 1925 297 1991; x_wconf 88' lang='lat' dir='ltr'>fortasse</span> <span class='ocrx_word' id='word_1_112' title='bbox 318 1930 385 1992; x_wconf 89' lang='lat' dir='ltr'>tum</span> <span class='ocrx_word' id='word_1_113' title='bbox 407 1925 558 2008; x_wconf 90' lang='lat' dir='ltr'>temporis</span> <span class='ocrx_word' id='word_1_114' title='bbox 581 1927 676 1991; x_wconf 88' lang='lat' dir='ltr'>etiam</span> <span class='ocrx_word' id='word_1_115' title='bbox 698 1926 730 1990; x_wconf 93' lang='lat' dir='ltr'>in</span> <span class='ocrx_word' id='word_1_116' title='bbox 752 1926 912 2010; x_wconf 85' lang='lat' dir='ltr'>republica</span> <span class='ocrx_word' id='word_1_117' title='bbox 934 1926 1066 2002; x_wconf 86' lang='lat' dir='ltr'>fuerint,</span> <span class='ocrx_word' id='word_1_118' title='bbox 1093 1917 1156 1990; x_wconf 87' lang='lat' dir='ltr'>iam</span> <span class='ocrx_word' id='word_1_119' title='bbox 1185 1945 1247 1991; x_wconf 92' lang='lat' dir='ltr'>non</span> <span class='ocrx_word' id='word_1_120' title='bbox 1274 1925 1392 2005; x_wconf 83' lang='lat' dir='ltr'>decem,</span> 
     </span>
     <span class='ocr_line' id='line_1_15' title="bbox 161 2030 1391 2120; baseline 0.001 -19"><span class='ocrx_word' id='word_1_121' title='bbox 161 2041 242 2119; x_wconf 87' lang='lat' dir='ltr'>quot</span> <span class='ocrx_word' id='word_1_122' title='bbox 260 2037 378 2103; x_wconf 88' lang='lat' dir='ltr'>liberae</span> <span class='ocrx_word' id='word_1_123' title='bbox 399 2035 589 2118; x_wconf 88' lang='lat' dir='ltr'>reipublicae</span> <span class='ocrx_word' id='word_1_124' title='bbox 611 2041 761 2119; x_wconf 88' lang='lat' dir='ltr'>tempore.</span> <span class='ocrx_word' id='word_1_125' title='bbox 806 2037 956 2120; x_wconf 88' lang='lat' dir='ltr'>Idemque</span> <span class='ocrx_word' id='word_1_126' title='bbox 978 2035 1144 2103; x_wconf 90' lang='lat' dir='ltr'>dicendum</span> <span class='ocrx_word' id='word_1_127' title='bbox 1165 2035 1292 2119; x_wconf 85' lang='lat' dir='ltr'>videtur</span> <span class='ocrx_word' id='word_1_128' title='bbox 1321 2030 1391 2103; x_wconf 74' lang='lat' dir='ltr'>cesa</span> 
     </span>
     <span class='ocr_line' id='line_1_16' title="bbox 161 2148 408 2230; baseline -0.005 -15.7"><span class='ocrx_word' id='word_1_129' title='bbox 161 2148 203 2214; x_wconf 90' lang='lat' dir='ltr'>de</span> <span class='ocrx_word' id='word_1_130' title='bbox 226 2148 408 2230; x_wconf 81' lang='lat' dir='ltr'>astynomis</span> 
     </span>
    </p>
   </div>
   <div class='ocr_carea' id='block_1_4' title="bbox 251 2258 1394 2345">
    <p class='ocr_par' dir='ltr' id='par_1_5' title="bbox 251 2258 1394 2345">
     <span class='ocr_line' id='line_1_17' title="bbox 251 2258 1394 2345; baseline -0.001 -19"><span class='ocrx_word' id='word_1_131' title='bbox 251 2260 341 2339; x_wconf 78' lang='lat' dir='ltr'>Quod</span> <span class='ocrx_word' id='word_1_132' title='bbox 362 2278 436 2326; x_wconf 91' lang='lat' dir='ltr'>vero</span> <span class='ocrx_word' id='word_1_133' title='bbox 464 2260 514 2326; x_wconf 86' lang='lat' dir='ltr'>uel</span> <span class='ocrx_word' id='word_1_134' title='bbox 542 2279 581 2326; x_wconf 89' lang='lat' dir='ltr'>ea</span> <span class='ocrx_word' id='word_1_135' title='bbox 607 2278 754 2345; x_wconf 77' lang='lat' dir='ltr'>munera,</span> <span class='ocrx_word' id='word_1_136' title='bbox 781 2278 864 2343; x_wconf 88' lang='lat' dir='ltr'>quae</span> <span class='ocrx_word' id='word_1_137' title='bbox 885 2259 1003 2327; x_wconf 87' lang='lat' dir='ltr'>liberae</span> <span class='ocrx_word' id='word_1_138' title='bbox 1030 2258 1220 2342; x_wconf 88' lang='lat' dir='ltr'>reipublicae</span> <span class='ocrx_word' id='word_1_139' title='bbox 1253 2265 1394 2342; x_wconf 87' lang='lat' dir='ltr'>tempore</span> 
     </span>
    </p>
   </div>
   <div class='ocr_carea' id='block_1_5' title="bbox 28 2369 1394 2674">
    <p class='ocr_par' dir='ltr' id='par_1_6' title="bbox 28 2369 1394 2674">
     <span class='ocr_line' id='line_1_18' title="bbox 28 2369 1394 2454; baseline 0 -19"><span class='ocrx_word' id='word_1_140' title='bbox 28 2376 29 2383; x_wconf 78' lang='grc'>’</span> <span class='ocrx_word' id='word_1_141' title='bbox 161 2390 222 2453; x_wconf 90' lang='lat' dir='ltr'>pro</span> <span class='ocrx_word' id='word_1_142' title='bbox 245 2371 415 2438; x_wconf 88' lang='lat' dir='ltr'>humilibus</span> <span class='ocrx_word' id='word_1_143' title='bbox 441 2370 623 2436; x_wconf 90' lang='lat' dir='ltr'>ministeriis</span> <span class='ocrx_word' id='word_1_144' title='bbox 651 2370 845 2451; x_wconf 89' lang='lat' dir='ltr'>putabantur</span> <span class='ocrx_word' id='word_1_145' title='bbox 866 2369 1000 2454; x_wconf 84' lang='lat' dir='ltr'>ideoque</span> <span class='ocrx_word' id='word_1_146' title='bbox 1027 2372 1069 2436; x_wconf 91' lang='lat' dir='ltr'>ad</span> <span class='ocrx_word' id='word_1_147' title='bbox 1095 2371 1236 2438; x_wconf 87' lang='lat' dir='ltr'>homines</span> <span class='ocrx_word' id='word_1_148' title='bbox 1264 2369 1394 2454; x_wconf 84' lang='lat' dir='ltr'>ignobili</span> 
     </span>
     <span class='ocr_line' id='line_1_19' title="bbox 28 2480 1393 2564; baseline 0.004 -23"><span class='ocrx_word' id='word_1_149' title='bbox 28 2496 30 2541; x_wconf 86' lang='lat' dir='ltr'>l</span> <span class='ocrx_word' id='word_1_150' title='bbox 160 2480 234 2548; x_wconf 92' lang='lat' dir='ltr'>loco</span> <span class='ocrx_word' id='word_1_151' title='bbox 249 2485 340 2548; x_wconf 92' lang='lat' dir='ltr'>natos</span> <span class='ocrx_word' id='word_1_152' title='bbox 359 2486 455 2562; x_wconf 90' lang='lat' dir='ltr'>atque</span> <span class='ocrx_word' id='word_1_153' title='bbox 478 2482 556 2547; x_wconf 89' lang='lat' dir='ltr'>adeo</span> <span class='ocrx_word' id='word_1_154' title='bbox 578 2482 618 2547; x_wconf 89' lang='lat' dir='ltr'>ad</span> <span class='ocrx_word' id='word_1_155' title='bbox 639 2481 821 2564; x_wconf 89' lang='lat' dir='ltr'>peregrinos</span> <span class='ocrx_word' id='word_1_156' title='bbox 844 2481 1076 2563; x_wconf 84' lang='lat' dir='ltr'>deferebantur,</span> <span class='ocrx_word' id='word_1_157' title='bbox 1100 2487 1167 2548; x_wconf 91' lang='lat' dir='ltr'>tum</span> <span class='ocrx_word' id='word_1_158' title='bbox 1188 2481 1338 2564; x_wconf 81' lang='lat' dir='ltr'>temporis</span> <span class='ocrx_word' id='word_1_159' title='bbox 1353 2481 1393 2547; x_wconf 93' lang='lat' dir='ltr'>ab</span> 
     </span>
     <span class='ocr_line' id='line_1_20' title="bbox 28 2592 1392 2674; baseline 0.001 -17"><span class='ocrx_word' id='word_1_160' title='bbox 28 2632 30 2645; x_wconf 72' lang='lat'>›</span> <span class='ocrx_word' id='word_1_161' title='bbox 152 2592 368 2674; x_wconf 79' lang='lat' dir='ltr'>amplissimis</span> <span class='ocrx_word' id='word_1_162' title='bbox 391 2596 423 2658; x_wconf 89' lang='lat' dir='ltr'>et</span> <span class='ocrx_word' id='word_1_163' title='bbox 445 2592 644 2659; x_wconf 88' lang='lat' dir='ltr'>nobilissimis</span> <span class='ocrx_word' id='word_1_164' title='bbox 667 2592 787 2658; x_wconf 85' lang='lat' dir='ltr'>civibus</span> <span class='ocrx_word' id='word_1_165' title='bbox 808 2593 1111 2661; x_wconf 80' lang='lat' dir='ltr'>administrabantur</span> <span class='ocrx_word' id='word_1_166' title='bbox 1125 2612 1187 2659; x_wconf 92' lang='lat' dir='ltr'>non</span> <span class='ocrx_word' id='word_1_167' title='bbox 1204 2598 1252 2658; x_wconf 91' lang='lat' dir='ltr'>est</span> <span class='ocrx_word' id='word_1_168' title='bbox 1269 2592 1392 2658; x_wconf 90' lang='lat' dir='ltr'>mirum.</span> 
     </span>
    </p>
   </div>
   <div class='ocr_carea' id='block_1_6' title="bbox 160 2701 1393 2787">
    <p class='ocr_par' dir='ltr' id='par_1_7' title="bbox 160 2701 1393 2787">
     <span class='ocr_line' id='line_1_21' title="bbox 160 2701 1393 2787; baseline 0.001 -19"><span class='ocrx_word' id='word_1_169' title='bbox 160 2701 324 2768; x_wconf 89' lang='lat' dir='ltr'>Nimirum</span> <span class='ocrx_word' id='word_1_170' title='bbox 340 2721 411 2769; x_wconf 93' lang='lat' dir='ltr'>cum</span> <span class='ocrx_word' id='word_1_171' title='bbox 432 2703 579 2769; x_wconf 88' lang='lat' dir='ltr'>libertate</span> <span class='ocrx_word' id='word_1_172' title='bbox 600 2704 717 2769; x_wconf 91' lang='lat' dir='ltr'>amissa</span> <span class='ocrx_word' id='word_1_173' title='bbox 735 2723 775 2770; x_wconf 91' lang='lat' dir='ltr'>ne</span> <span class='ocrx_word' id='word_1_174' title='bbox 798 2704 955 2770; x_wconf 89' lang='lat' dir='ltr'>tantillum</span> <span class='ocrx_word' id='word_1_175' title='bbox 975 2704 1101 2787; x_wconf 90' lang='lat' dir='ltr'>quidem</span> <span class='ocrx_word' id='word_1_176' title='bbox 1123 2704 1238 2770; x_wconf 86' lang='lat' dir='ltr'>veteris</span> <span class='ocrx_word' id='word_1_177' title='bbox 1259 2703 1393 2771; x_wconf 87' lang='lat' dir='ltr'>auctori·</span> 
     </span>
    </p>
   </div>
   <div class='ocr_carea' id='block_1_7' title="bbox 28 2784 1394 3009">
    <p class='ocr_par' dir='ltr' id='par_1_8' title="bbox 28 2784 1394 3009">
     <span class='ocr_line' id='line_1_22' title="bbox 28 2784 1394 2898; baseline 0 -19"><span class='ocrx_word' id='word_1_178' title='bbox 28 2784 30 2811; x_wconf 64' lang='lat'><strong>¹</strong></span> <span class='ocrx_word' id='word_1_179' title='bbox 160 2813 242 2879; x_wconf 86' lang='lat' dir='ltr'>talis</span> <span class='ocrx_word' id='word_1_180' title='bbox 273 2813 417 2894; x_wconf 84' lang='lat' dir='ltr'>politicae</span> <span class='ocrx_word' id='word_1_181' title='bbox 449 2818 482 2879; x_wconf 93' lang='lat' dir='ltr'>et</span> <span class='ocrx_word' id='word_1_182' title='bbox 513 2813 676 2896; x_wconf 89' lang='lat' dir='ltr'>dignitatis</span> <span class='ocrx_word' id='word_1_183' title='bbox 710 2814 946 2881; x_wconf 82' lang='lat' dir='ltr'>Atheniensium</span> <span class='ocrx_word' id='word_1_184' title='bbox 979 2815 1169 2898; x_wconf 91' lang='lat' dir='ltr'>reipublicae</span> <span class='ocrx_word' id='word_1_185' title='bbox 1206 2819 1394 2897; x_wconf 89' lang='lat' dir='ltr'>superesset,</span> 
     </span>
     <span class='ocr_line' id='line_1_23' title="bbox 28 2924 1393 3009; baseline 0 -19"><span class='ocrx_word' id='word_1_186' title='bbox 28 2994 29 2997; x_wconf 61' lang='grc'>,</span> <span class='ocrx_word' id='word_1_187' title='bbox 158 2942 271 2990; x_wconf 85' lang='lat' dir='ltr'>ornnes</span> <span class='ocrx_word' id='word_1_188' title='bbox 286 2924 490 3007; x_wconf 82' lang='lat' dir='ltr'>magistratus</span> <span class='ocrx_word' id='word_1_189' title='bbox 510 2944 642 2991; x_wconf 91' lang='lat' dir='ltr'>munera</span> <span class='ocrx_word' id='word_1_190' title='bbox 663 2927 838 2992; x_wconf 89' lang='lat' dir='ltr'>ministeria</span> <span class='ocrx_word' id='word_1_191' title='bbox 859 2927 891 2991; x_wconf 95' lang='lat' dir='ltr'>in</span> <span class='ocrx_word' id='word_1_192' title='bbox 913 2926 1059 3009; x_wconf 82' lang='lat' dir='ltr'>liturgiae</span> <span class='ocrx_word' id='word_1_193' title='bbox 1081 2925 1147 2992; x_wconf 89' lang='lat' dir='ltr'>fere</span> <span class='ocrx_word' id='word_1_194' title='bbox 1161 2926 1224 2990; x_wconf 86' lang='lat' dir='ltr'>vim</span> <span class='ocrx_word' id='word_1_195' title='bbox 1240 2925 1393 3006; x_wconf 90' lang='lat' dir='ltr'>abierant,</span> 
     </span>
    </p>
   </div>
   <div class='ocr_carea' id='block_1_8' title="bbox 28 3036 1394 3231">
    <p class='ocr_par' dir='ltr' id='par_1_9' title="bbox 28 3036 1394 3231">
     <span class='ocr_line' id='line_1_24' title="bbox 28 3036 1271 3117; baseline 0.002 -17"><span class='ocrx_word' id='word_1_196' title='bbox 28 3048 29 3081; x_wconf 59' lang='lat' dir='ltr'>l</span> <span class='ocrx_word' id='word_1_197' title='bbox 158 3038 274 3116; x_wconf 87' lang='lat' dir='ltr'>utpote</span> <span class='ocrx_word' id='word_1_198' title='bbox 296 3054 378 3117; x_wconf 89' lang='lat' dir='ltr'>quae</span> <span class='ocrx_word' id='word_1_199' title='bbox 400 3055 462 3101; x_wconf 93' lang='lat' dir='ltr'>non</span> <span class='ocrx_word' id='word_1_200' title='bbox 484 3041 613 3116; x_wconf 88' lang='lat' dir='ltr'>possent</span> <span class='ocrx_word' id='word_1_201' title='bbox 635 3037 790 3117; x_wconf 88' lang='lat' dir='ltr'>praestari</span> <span class='ocrx_word' id='word_1_202' title='bbox 811 3036 872 3101; x_wconf 93' lang='lat' dir='ltr'>nisi</span> <span class='ocrx_word' id='word_1_203' title='bbox 894 3037 934 3104; x_wconf 90' lang='lat' dir='ltr'>ab</span> <span class='ocrx_word' id='word_1_204' title='bbox 957 3036 1119 3102; x_wconf 90' lang='lat' dir='ltr'>ditissimis</span> <span class='ocrx_word' id='word_1_205' title='bbox 1141 3036 1271 3103; x_wconf 86' lang='lat' dir='ltr'>civibus.</span> 
     </span>
     <span class='ocr_line' id='line_1_25' title="bbox 28 3142 1394 3231; baseline 0.002 -21"><span class='ocrx_word' id='word_1_206' title='bbox 28 3150 30 3161; x_wconf 91' lang='lat'>&#39;</span> <span class='ocrx_word' id='word_1_207' title='bbox 252 3146 393 3227; x_wconf 90' lang='lat' dir='ltr'>Denique</span> <span class='ocrx_word' id='word_1_208' title='bbox 414 3147 447 3211; x_wconf 92' lang='lat' dir='ltr'>in</span> <span class='ocrx_word' id='word_1_209' title='bbox 468 3166 531 3214; x_wconf 90' lang='lat' dir='ltr'>uno</span> <span class='ocrx_word' id='word_1_210' title='bbox 554 3148 659 3213; x_wconf 87' lang='lat' dir='ltr'>exeis</span> <span class='ocrx_word' id='word_1_211' title='bbox 681 3165 759 3228; x_wconf 89' lang='lat' dir='ltr'>qnos</span> <span class='ocrx_word' id='word_1_212' title='bbox 787 3166 884 3231; x_wconf 90' lang='lat' dir='ltr'>supra</span> <span class='ocrx_word' id='word_1_213' title='bbox 914 3147 1006 3213; x_wconf 91' lang='lat' dir='ltr'>attuli</span> <span class='ocrx_word' id='word_1_214' title='bbox 1033 3147 1134 3213; x_wconf 88' lang='lat' dir='ltr'>titulis</span> <span class='ocrx_word' id='word_1_215' title='bbox 1158 3142 1222 3213; x_wconf 79' lang='grc' dir='ltr'><em>Φιλ.</em></span> <span class='ocrx_word' id='word_1_216' title='bbox 1245 3147 1394 3228; x_wconf 63' lang='lat' dir='ltr'>Iasae,</span> 
     </span>
    </p>
   </div>
   <div class='ocr_carea' id='block_1_9' title="bbox 28 3253 1437 3783">
    <p class='ocr_par' dir='ltr' id='par_1_10' title="bbox 28 3253 1437 3783">
     <span class='ocr_line' id='line_1_26' title="bbox 28 3253 1394 3347; baseline -0.003 -25"><span class='ocrx_word' id='word_1_217' title='bbox 28 3292 29 3347; x_wconf 57' lang='lat'>3</span> <span class='ocrx_word' id='word_1_218' title='bbox 160 3263 178 3322; x_wconf 93' lang='lat' dir='ltr'>l</span> <span class='ocrx_word' id='word_1_219' title='bbox 207 3257 288 3323; x_wconf 89' lang='lat' dir='ltr'>inter</span> <span class='ocrx_word' id='word_1_220' title='bbox 310 3262 415 3323; x_wconf 86' lang='lat' dir='ltr'>catera</span> <span class='ocrx_word' id='word_1_221' title='bbox 436 3258 680 3341; x_wconf 88' lang='lat' dir='ltr'>magistratuum</span> <span class='ocrx_word' id='word_1_222' title='bbox 703 3259 855 3324; x_wconf 83' lang='lat' dir='ltr'>uocabula</span> <span class='ocrx_word' id='word_1_223' title='bbox 877 3265 1046 3324; x_wconf 87' lang='lat' dir='ltr'>occurrunt</span> <span class='ocrx_word' id='word_1_224' title='bbox 1068 3258 1164 3323; x_wconf 91' lang='lat' dir='ltr'>etiam</span> <span class='ocrx_word' id='word_1_225' title='bbox 1187 3253 1394 3340; x_wconf 47' lang='grc' dir='ltr'>(1000002ιο-</span> 
     </span>
     <span class='ocr_line' id='line_1_27' title="bbox 28 3360 1437 3452; baseline 0.004 -22"><span class='ocrx_word' id='word_1_226' title='bbox 28 3360 30 3439; x_wconf 65' lang='lat'><em>}</em></span> <span class='ocrx_word' id='word_1_227' title='bbox 156 3370 238 3452; x_wconf 70' lang='grc' dir='ltr'><strong><em>γεῖς.</em></strong></span> <span class='ocrx_word' id='word_1_228' title='bbox 285 3368 416 3447; x_wconf 83' lang='lat' dir='ltr'>Qualem</span> <span class='ocrx_word' id='word_1_229' title='bbox 437 3370 659 3451; x_wconf 89' lang='lat' dir='ltr'>magistratum</span> <span class='ocrx_word' id='word_1_230' title='bbox 682 3368 745 3434; x_wconf 93' lang='lat' dir='ltr'>nllo</span> <span class='ocrx_word' id='word_1_231' title='bbox 769 3374 909 3452; x_wconf 91' lang='lat' dir='ltr'>tempore</span> <span class='ocrx_word' id='word_1_232' title='bbox 931 3370 965 3434; x_wconf 92' lang='lat' dir='ltr'>in</span> <span class='ocrx_word' id='word_1_233' title='bbox 979 3369 1215 3435; x_wconf 87' lang='lat' dir='ltr'>Atheniensium</span> <span class='ocrx_word' id='word_1_234' title='bbox 1234 3368 1395 3450; x_wconf 81' lang='lat' dir='ltr'>republica</span> <span class='ocrx_word' id='word_1_235' title='bbox 1432 3405 1437 3410; x_wconf 89' lang='lat'><strong>·</strong></span> 
     </span>
     <span class='ocr_line' id='line_1_28' title="bbox 28 3479 1394 3567; baseline -0.001 -21"><span class='ocrx_word' id='word_1_236' title='bbox 28 3546 29 3567; x_wconf 41' lang='lat'>,</span> <span class='ocrx_word' id='word_1_237' title='bbox 157 3479 263 3546; x_wconf 83' lang='lat' dir='ltr'>fuisse</span> <span class='ocrx_word' id='word_1_238' title='bbox 285 3496 388 3559; x_wconf 88' lang='lat' dir='ltr'>neque</span> <span class='ocrx_word' id='word_1_239' title='bbox 411 3499 450 3545; x_wconf 85' lang='lat' dir='ltr'>ex</span> <span class='ocrx_word' id='word_1_240' title='bbox 472 3479 676 3563; x_wconf 88' lang='lat' dir='ltr'>scriptoribus</span> <span class='ocrx_word' id='word_1_241' title='bbox 691 3498 793 3562; x_wconf 88' lang='lat' dir='ltr'>neque</span> <span class='ocrx_word' id='word_1_242' title='bbox 808 3498 845 3544; x_wconf 84' lang='lat' dir='ltr'>ex</span> <span class='ocrx_word' id='word_1_243' title='bbox 864 3480 1117 3562; x_wconf 88' lang='lat' dir='ltr'>inscriptionibus</span> <span class='ocrx_word' id='word_1_244' title='bbox 1132 3479 1236 3545; x_wconf 91' lang='lat' dir='ltr'>adbuc</span> <span class='ocrx_word' id='word_1_245' title='bbox 1249 3480 1394 3546; x_wconf 88' lang='lat' dir='ltr'>innotuit.</span> 
     </span>
     <span class='ocr_line' id='line_1_29' title="bbox 28 3572 1395 3672; baseline 0.001 -17"><span class='ocrx_word' id='word_1_246' title='bbox 28 3572 29 3663; x_wconf 80' lang='grc' dir='ltr'>ἶ</span> <span class='ocrx_word' id='word_1_247' title='bbox 158 3590 209 3655; x_wconf 81' lang='lat' dir='ltr'>At</span> <span class='ocrx_word' id='word_1_248' title='bbox 236 3590 267 3653; x_wconf 83' lang='lat' dir='ltr'>in</span> <span class='ocrx_word' id='word_1_249' title='bbox 295 3590 345 3654; x_wconf 81' lang='lat' dir='ltr'>aa.</span> <span class='ocrx_word' id='word_1_250' title='bbox 368 3587 447 3656; x_wconf 79' lang='lat'>0.1.</span> <span class='ocrx_word' id='word_1_251' title='bbox 480 3595 558 3667; x_wconf 85' lang='lat' dir='ltr'>aoa,</span> <span class='ocrx_word' id='word_1_252' title='bbox 582 3590 660 3666; x_wconf 79' lang='grc'>204,</span> <span class='ocrx_word' id='word_1_253' title='bbox 684 3595 763 3672; x_wconf 81' lang='lat' dir='ltr'>aas,</span> <span class='ocrx_word' id='word_1_254' title='bbox 786 3595 848 3655; x_wconf 85' lang='lat' dir='ltr'>ana</span> <span class='ocrx_word' id='word_1_255' title='bbox 870 3591 913 3666; x_wconf 87' lang='grc' dir='ltr'>Β,</span> <span class='ocrx_word' id='word_1_256' title='bbox 942 3606 1020 3671; x_wconf 84' lang='lat' dir='ltr'>quos</span> <span class='ocrx_word' id='word_1_257' title='bbox 1050 3591 1092 3656; x_wconf 83' lang='lat' dir='ltr'>aa</span> <span class='ocrx_word' id='word_1_258' title='bbox 1113 3590 1233 3656; x_wconf 79' lang='lat' dir='ltr'>Tenum</span> <span class='ocrx_word' id='word_1_259' title='bbox 1248 3590 1395 3656; x_wconf 57' lang='lat' dir='ltr'>&gt;insuram</span> 
     </span>
     <span class='ocr_line' id='line_1_30' title="bbox 28 3686 1395 3783; baseline 0.002 -22"><span class='ocrx_word' id='word_1_260' title='bbox 28 3686 30 3761; x_wconf 75' lang='lat' dir='ltr'>J</span> <span class='ocrx_word' id='word_1_261' title='bbox 158 3704 308 3783; x_wconf 89' lang='lat' dir='ltr'>spectare</span> <span class='ocrx_word' id='word_1_262' title='bbox 329 3719 412 3766; x_wconf 90' lang='lat' dir='ltr'>nunc</span> <span class='ocrx_word' id='word_1_263' title='bbox 437 3700 594 3783; x_wconf 85' lang='lat' dir='ltr'>constat,¹</span> <span class='ocrx_word' id='word_1_264' title='bbox 616 3701 698 3766; x_wconf 87' lang='lat' dir='ltr'>inter</span> <span class='ocrx_word' id='word_1_265' title='bbox 720 3700 798 3766; x_wconf 85' lang='lat' dir='ltr'>alios</span> <span class='ocrx_word' id='word_1_266' title='bbox 819 3702 1023 3783; x_wconf 84' lang='lat' dir='ltr'>magistratus</span> <span class='ocrx_word' id='word_1_267' title='bbox 1039 3705 1211 3783; x_wconf 90' lang='lat' dir='ltr'>conparent</span> <span class='ocrx_word' id='word_1_268' title='bbox 1226 3702 1289 3766; x_wconf 92' lang='lat' dir='ltr'>duo</span> <span class='ocrx_word' id='word_1_269' title='bbox 1312 3702 1395 3765; x_wconf 76' lang='lat' dir='ltr'>eloa-</span> 
     </span>
    </p>
   </div>
   <div class='ocr_carea' id='block_1_10' title="bbox 158 3812 1394 3896">
    <p class='ocr_par' dir='ltr' id='par_1_11' title="bbox 158 3812 1394 3896">
     <span class='ocr_line' id='line_1_31' title="bbox 158 3812 1394 3896; baseline 0.004 -23"><span class='ocrx_word' id='word_1_270' title='bbox 158 3812 286 3896; x_wconf 67' lang='lat' dir='ltr'>yoyetc.</span> <span class='ocrx_word' id='word_1_271' title='bbox 330 3812 526 3894; x_wconf 82' lang='lat' dir='ltr'>Quamquam</span> <span class='ocrx_word' id='word_1_272' title='bbox 546 3813 621 3878; x_wconf 90' lang='lat' dir='ltr'>inde</span> <span class='ocrx_word' id='word_1_273' title='bbox 643 3812 780 3895; x_wconf 93' lang='lat' dir='ltr'>ephebos</span> <span class='ocrx_word' id='word_1_274' title='bbox 802 3812 1009 3878; x_wconf 87' lang='lat' dir='ltr'>Athenienses</span> <span class='ocrx_word' id='word_1_275' title='bbox 1031 3813 1063 3878; x_wconf 93' lang='lat' dir='ltr'>in</span> <span class='ocrx_word' id='word_1_276' title='bbox 1085 3813 1246 3878; x_wconf 90' lang='lat' dir='ltr'>imitandis</span> <span class='ocrx_word' id='word_1_277' title='bbox 1261 3812 1394 3894; x_wconf 89' lang='lat' dir='ltr'>publicis</span> 
     </span>
    </p>
   </div>
   <div class='ocr_carea' id='block_1_11' title="bbox 28 3912 1396 4231">
    <p class='ocr_par' dir='ltr' id='par_1_12' title="bbox 28 3912 1396 4231">
     <span class='ocr_line' id='line_1_32' title="bbox 28 3912 1394 4007; baseline 0 -17"><span class='ocrx_word' id='word_1_278' title='bbox 28 3912 29 3979; x_wconf 82' lang='grc' dir='ltr'>Ῐ</span> <span class='ocrx_word' id='word_1_279' title='bbox 157 3922 353 4005; x_wconf 88' lang='lat' dir='ltr'>reipublicae</span> <span class='ocrx_word' id='word_1_280' title='bbox 382 3923 535 3990; x_wconf 87' lang='lat' dir='ltr'>institutis</span> <span class='ocrx_word' id='word_1_281' title='bbox 564 3924 624 3990; x_wconf 93' lang='lat' dir='ltr'>hoc</span> <span class='ocrx_word' id='word_1_282' title='bbox 646 3924 850 4006; x_wconf 89' lang='lat' dir='ltr'>magistratus</span> <span class='ocrx_word' id='word_1_283' title='bbox 872 3943 985 3990; x_wconf 89' lang='lat' dir='ltr'>nomen</span> <span class='ocrx_word' id='word_1_284' title='bbox 1007 3925 1172 4007; x_wconf 88' lang='lat' dir='ltr'>repetiisse</span> <span class='ocrx_word' id='word_1_285' title='bbox 1194 3924 1260 3991; x_wconf 91' lang='lat' dir='ltr'>veri</span> <span class='ocrx_word' id='word_1_286' title='bbox 1282 3941 1394 4006; x_wconf 89' lang='lat' dir='ltr'>parum</span> 
     </span>
     <span class='ocr_line' id='line_1_33' title="bbox 28 4033 1396 4118; baseline 0.001 -18"><span class='ocrx_word' id='word_1_287' title='bbox 28 4102 29 4109; x_wconf 40' lang='grc'>,</span> <span class='ocrx_word' id='word_1_288' title='bbox 159 4036 215 4100; x_wconf 89' lang='lat' dir='ltr'>est</span> <span class='ocrx_word' id='word_1_289' title='bbox 234 4033 344 4099; x_wconf 89' lang='lat' dir='ltr'>simile.</span> <span class='ocrx_word' id='word_1_290' title='bbox 382 4034 480 4100; x_wconf 90' lang='lat' dir='ltr'>Immo</span> <span class='ocrx_word' id='word_1_291' title='bbox 503 4035 710 4117; x_wconf 89' lang='lat' dir='ltr'>colligendum</span> <span class='ocrx_word' id='word_1_292' title='bbox 732 4040 781 4102; x_wconf 89' lang='lat' dir='ltr'>est</span> <span class='ocrx_word' id='word_1_293' title='bbox 803 4036 898 4101; x_wconf 89' lang='lat' dir='ltr'>etiam</span> <span class='ocrx_word' id='word_1_294' title='bbox 919 4036 952 4101; x_wconf 93' lang='lat' dir='ltr'>in</span> <span class='ocrx_word' id='word_1_295' title='bbox 975 4036 1212 4103; x_wconf 86' lang='lat' dir='ltr'>Atheniensium</span> <span class='ocrx_word' id='word_1_296' title='bbox 1234 4035 1396 4118; x_wconf 87' lang='lat' dir='ltr'>republica</span> 
     </span>
     <span class='ocr_line' id='line_1_34' title="bbox 28 4146 1393 4231; baseline 0.001 -19"><span class='ocrx_word' id='word_1_297' title='bbox 28 4176 29 4181; x_wconf 39' lang='lat'>¹</span> <span class='ocrx_word' id='word_1_298' title='bbox 157 4146 388 4226; x_wconf 89' lang='lat' dir='ltr'>imperatorum</span> <span class='ocrx_word' id='word_1_299' title='bbox 414 4147 541 4226; x_wconf 83' lang='lat' dir='ltr'>quidem</span> <span class='ocrx_word' id='word_1_300' title='bbox 569 4152 674 4213; x_wconf 88' lang='lat' dir='ltr'>aetate</span> <span class='ocrx_word' id='word_1_301' title='bbox 705 4147 793 4211; x_wconf 91' lang='lat' dir='ltr'>illum</span> <span class='ocrx_word' id='word_1_302' title='bbox 820 4148 1039 4231; x_wconf 90' lang='lat' dir='ltr'>magistratum</span> <span class='ocrx_word' id='word_1_303' title='bbox 1072 4148 1171 4214; x_wconf 89' lang='lat' dir='ltr'>fuisse</span> <span class='ocrx_word' id='word_1_304' title='bbox 1204 4148 1393 4214; x_wconf 88' lang='lat' dir='ltr'>institutum.</span> 
     </span>
    </p>
   </div>
   <div class='ocr_carea' id='block_1_12' title="bbox 158 4253 1395 4452">
    <p class='ocr_par' dir='ltr' id='par_1_13' title="bbox 158 4253 1395 4452">
     <span class='ocr_line' id='line_1_35' title="bbox 160 4253 1395 4343; baseline 0.002 -23"><span class='ocrx_word' id='word_1_305' title='bbox 160 4253 238 4321; x_wconf 90' lang='lat' dir='ltr'>Vim</span> <span class='ocrx_word' id='word_1_306' title='bbox 261 4260 367 4321; x_wconf 89' lang='lat' dir='ltr'>autem</span> <span class='ocrx_word' id='word_1_307' title='bbox 389 4274 425 4322; x_wconf 90' lang='lat' dir='ltr'>ao</span> <span class='ocrx_word' id='word_1_308' title='bbox 446 4263 591 4322; x_wconf 87' lang='lat' dir='ltr'>naturam</span> <span class='ocrx_word' id='word_1_309' title='bbox 615 4259 682 4324; x_wconf 90' lang='lat' dir='ltr'>eius</span> <span class='ocrx_word' id='word_1_310' title='bbox 697 4258 836 4324; x_wconf 91' lang='lat' dir='ltr'>muueris</span> <span class='ocrx_word' id='word_1_311' title='bbox 851 4258 883 4323; x_wconf 94' lang='lat' dir='ltr'>iu</span> <span class='ocrx_word' id='word_1_312' title='bbox 899 4258 995 4325; x_wconf 93' lang='lat' dir='ltr'>dubio</span> <span class='ocrx_word' id='word_1_313' title='bbox 1010 4259 1091 4326; x_wconf 91' lang='lat' dir='ltr'>malo</span> <span class='ocrx_word' id='word_1_314' title='bbox 1107 4260 1284 4343; x_wconf 89' lang='lat' dir='ltr'>relinquere</span> <span class='ocrx_word' id='word_1_315' title='bbox 1299 4276 1395 4341; x_wconf 85' lang='lat' dir='ltr'>quam</span> 
     </span>
     <span class='ocr_line' id='line_1_36' title="bbox 158 4371 719 4452; baseline 0.002 -18"><span class='ocrx_word' id='word_1_316' title='bbox 158 4385 262 4434; x_wconf 88' lang='lat' dir='ltr'>vanas</span> <span class='ocrx_word' id='word_1_317' title='bbox 291 4386 435 4449; x_wconf 91' lang='lat' dir='ltr'>promere</span> <span class='ocrx_word' id='word_1_318' title='bbox 458 4371 655 4452; x_wconf 89' lang='lat' dir='ltr'>suspitiones.</span> <span class='ocrx_word' id='word_1_319' title='bbox 679 4407 719 4418; x_wconf 84' lang='lat'><em>-</em></span> 
     </span>
    </p>
   </div>
   <div class='ocr_carea' id='block_1_13' title="bbox 160 4565 951 4685">
    <p class='ocr_par' dir='ltr' id='par_1_14' title="bbox 160 4565 951 4685">
     <span class='ocr_line' id='line_1_37' title="bbox 160 4565 951 4685; baseline 0.014 -28"><span class='ocrx_word' id='word_1_320' title='bbox 160 4651 167 4657; x_wconf 92' lang='lat'>.</span> <span class='ocrx_word' id='word_1_321' title='bbox 238 4606 247 4637; x_wconf 86' lang='lat'><strong>¹</strong></span> <span class='ocrx_word' id='word_1_322' title='bbox 265 4607 339 4675; x_wconf 70' lang='lat' dir='ltr'>Quod</span> <span class='ocrx_word' id='word_1_323' title='bbox 357 4565 662 4683; x_wconf 70' lang='lat' dir='ltr'>Dittenbergerumlugit.</span> <span class='ocrx_word' id='word_1_324' title='bbox 682 4612 730 4677; x_wconf 80' lang='lat' dir='ltr'>(cl.</span> <span class='ocrx_word' id='word_1_325' title='bbox 749 4610 767 4664; x_wconf 82' lang='lat' dir='ltr'>l.</span> <span class='ocrx_word' id='word_1_326' title='bbox 786 4612 803 4662; x_wconf 94' lang='lat' dir='ltr'>l.</span> <span class='ocrx_word' id='word_1_327' title='bbox 821 4630 877 4685; x_wconf 76' lang='lat' dir='ltr'>pag.</span> <span class='ocrx_word' id='word_1_328' title='bbox 897 4613 951 4673; x_wconf 75' lang='lat'>43).</span> 
     </span>
    </p>
   </div>
   <div class='ocr_carea' id='block_1_14' title="bbox 0 0 1760 5304">
    <p class='ocr_par' dir='ltr' id='par_1_15' title="bbox 0 0 1760 5304">
     <span class='ocr_line' id='line_1_38' title="bbox 0 0 1760 5304; baseline 0 3"><span class='ocrx_word' id='word_1_329' title='bbox 0 0 1760 5304; x_wconf 95' lang='lat' dir='ltr'> </span> 
     </span>
    </p>
   </div>
  </div>
 </body>
</html>
