3490 5296
669 391 902 458 -135-

176 580 236 660 III,
262 583 335 659 359,
360 586 378 645 3
401 579 505 662 (titulo
527 597 595 644 tneo
617 576 731 643 iudicio
747 576 971 661 imperatorum
986 578 1090 642 aetate
1105 578 1250 662 scripto),
1272 577 1354 643 idem
1368 577 1400 642 in

176 690 265 758 titulo
282 691 352 756 Deli
368 690 491 755 Atticae
513 689 547 755 C.
564 690 588 754 Ι.
606 693 699 754 2287.
731 689 873 770 Denique
889 687 919 750 K
920 688 1047 774 ολλικρ
1056 686 1236 775 [uridprl]
1260 688 1340 775 (Col.
1357 689 1397 770 V)

174 802 290 869 archon
317 809 367 867 est
395 802 426 866 in
448 802 496 866 tit.
519 801 650 882 Ephem.
680 800 763 865 arch.
794 804 871 880 640,
903 798 1025 864 Claudii
1053 799 1119 866 iere
1146 805 1252 866 aetate
1281 801 1398 882 scripto

175 912 225 995 (cf.
249 914 307 979 Nn.
325 913 400 978 XVI
421 932 490 994 pag.
510 917 569 976 128
593 911 683 993 sqq.).

259 1025 347 1102 Quae
368 1043 438 1089 cum
460 1023 506 1088 ita
528 1024 608 1102 sint,
635 1040 697 1087 non
719 1021 828 1089 dubito
857 1040 913 1103 pro
944 1025 1030 1087 certo
1059 1021 1162 1088 dicere
1189 1021 1398 1106 fragmentum

174 1136 247 1201 esse'
264 1137 396 1201 indicem
420 1154 640 1218 eponymorum
664 1134 880 1203 archontum.

258 1245 321 1311 Sed
344 1265 437 1328 quam
460 1247 500 1311 ad
523 1251 658 1312 aetatem
677 1247 824 1328 spectac?
856 1245 1057 1325 Archontum
1080 1265 1160 1329 quos
1182 1248 1274 1314 modo
1296 1249 1397 1328 attuli,

173 1356 238 1422 fere
260 1359 396 1423 omnium
420 1377 520 1423 annus
542 1377 654 1440 parurn
677 1362 808 1424 constat.
847 1358 937 1423 Unus
952 1356 1221 1445 Καλλινρ[ατίδης]
1244 1359 1276 1423 in
1292 1359 1348 1425 col.
1361 1360 1398 1439 V,

173 1469 198 1533 si
221 1470 346 1549 quidem
370 1474 454 1535 recte
476 1468 611 1550 explevi,
640 1473 760 1533 certum
783 1469 933 1550 temporis
960 1467 1110 1533 indicium
1139 1468 1271 1534 exhibet.
1317 1471 1397 1535 Eum

173 1600 234 1646 uno
258 1581 307 1646 vel
320 1582 442 1647 duobus
457 1581 546 1646 annis
562 1581 674 1646 abesse
690 1581 729 1645 ab
746 1581 896 1647 archonte
912 1580 1101 1660 Metrodoro,
1125 1581 1179 1660 qui
1193 1578 1260 1661 ipse
1276 1578 1398 1646 Claudii

173 1697 278 1758 aetate
300 1711 429 1758 munere
445 1698 493 1758 est
508 1692 642 1768 iunctus,
665 1709 760 1774 supra
779 1692 811 1759 iu
827 1692 885 1756 No,
901 1691 975 1756 XVI
997 1709 1065 1773 pag.
1084 1696 1153 1772 128,
1180 1693 1238 1757 129
1254 1691 1396 1758 indicari.

175 1804 333 1869 Vocamnr
356 1823 430 1886 ergo
455 1805 486 1869 in
510 1804 632 1870 Claudii
655 1803 720 1868 iere
742 1803 938 1885 imperatoris
960 1806 1104 1868 aetatem.
1149 1803 1215 1868 Iam
1237 1804 1398 1885 inspicien-

173 1915 231 1978 dus
254 1915 315 1981 erit
336 1917 444 1995 index,
476 1923 512 1981 ut
534 1916 694 1981 videamus
716 1934 790 1981 num
819 1934 929 1980 revera
956 1915 987 1978 in
1015 1934 1052 1980 eo
1080 1915 1257 1980 inveniatur
1278 1914 1398 2002 Μητρό-

173 2025 297 2111 δωρος,
334 2032 366 2092 et
394 2027 518 2109 quidem
546 2026 613 2093 loco
642 2026 783 2109 proximo
817 2046 837 2091 a
866 2024 1065 2091 Callicratide
1098 2025 1144 2106 (in
1173 2025 1227 2093 col.
1250 2024 1303 2109 V).
1348 2026 1397 2091 In·

173 2142 295 2219 tegrum
318 2138 443 2218 quidem
466 2156 578 2203 nomen
601 2137 817 2225 Μητρόδωρος
839 2138 882 2203 ihi
904 2156 967 2202 non
981 2137 1152 2219 reperitur3
1176 2141 1209 2202 ut
1225 2156 1269 2202 vs.
1288 2142 1315 2213 l,
1337 2157 1398 2222 uno

172 2247 295 2314 nominc
317 2247 517 2329 interposito,
540 2256 685 2329 superest
707 2268 744 2314 ex
767 2249 890 2314 nomine
911 2249 1046 2330 quodam
1067 2248 1196 2314 initialis
1219 2247 1325 2313 littera
1347 2249 1396 2323 M;

171 2359 236 2424 veri
259 2357 295 2422 fit
317 2357 417 2424 simile
440 2360 591 2440 scriptum
613 2361 657 2426 ihi
679 2359 775 2427 fuisse
799 2360 1024 2449 Μητρόδωρον.

255 2469 443 2553 Priusquam
466 2490 548 2537 nunc
572 2471 705 2552 amplius
727 2472 966 2554 investigemus
996 2489 1121 2537 monere
1143 2471 1236 2539 liceat
1263 2472 1398 2552 primum

170 2581 380 2665 fragmentum
402 2587 560 2663 nostrum,
583 2587 691 2665 utpote
714 2582 798 2664 quod
820 2581 980 2661 interiore,
1010 2583 1184 2662 superiore,
1214 2582 1323 2647 dextro
1347 2582 1399 2647 de-

170 2693 265 2775 niqne
288 2695 446 2760 exlatere
476 2693 566 2758 valde
594 2694 636 2758 sit
664 2711 823 2773 mancum,
853 2692 886 2756 in
913 2692 1018 2772 lapide
1046 2692 1124 2757 satis
1152 2692 1285 2758 sortasse
1313 2693 1397 2757 laeso

170 2805 303 2870 inveniri
324 2806 432 2885 itaque
454 2804 533 2869 haut
553 2805 597 2869 ita
619 2802 710 2868 facilc
732 2797 801 2869 esse
823 2803 922 2882 lectu,
948 2803 1060 2870 deinde
1084 2822 1156 2868 vcro
1178 2821 1198 2866 a
1220 2801 1397 2866 Pr’ctalcr'sc'o

171 2934 239 2982 esse
263 2916 455 2997 descriptum
478 2935 609 2997 eamque
631 2917 731 2997 ipsam
754 2916 793 2980 ob
817 2932 943 2981 causam
965 2932 1026 2979 non
1050 2914 1133 2978 omni
1149 2920 1291 2996 exparte
1305 2912 1397 2980 fidem

171 3027 455 3107 cssehabenda1n;
484 3028 565 3092 unde
588 3028 615 3092 si
637 3046 688 3092 res
711 3026 886 3109 postulent,
915 3024 964 3089 hic
987 3023 1049 3090 illic
1079 3045 1098 3090 a
1120 3024 1236 3091 Pittak.
1264 3025 1398 3091 lectione

170 3141 317 3208 recedere
339 3140 441 3206 liceat.

256 3253 324 3317 Iam
347 3270 420 3317 vero
444 3271 481 3318 ex
504 3251 626 3316 Claudii
648 3251 713 3318 fere
740 3255 844 3319 aetate
872 3250 1036 3333 conplures
1064 3249 1229 3315 archontes
1256 3247 1397 3315 innotue-

171 3369 246 3431 runt
267 3384 305 3429 ex
327 3361 435 3444 Phleg.
459 3362 552 3427 Trall.
575 3363 614 3428 de
637 3361 768 3427 mirahil
814 3362 920 3453 Veluti

252 3470 499 3558 Ἀντίπατρος
520 3476 617 3552 celtu
640 3493 670 3555 p.
696 3472 770 3537 Chr.
794 3470 915 3554 (Phteg.
937 3471 958 3535 l.
981 3470 1001 3534 l.
1024 3488 1050 3536 c.
1075 3468 1120 3554 6.)

256 3585 494 3672 Δεινόφιλυς
515 3590 613 3665 49th
636 3603 666 3664 p.
690 3584 762 3648 Chr.
788 3583 907 3665 (Phleg.
931 3601 957 3648 c.
975 3582 1039 3663 22.)

256 3696 556 3783 Διονυσόδωρος
580 3701 675 3777 unice
697 3714 727 3776 p.
750 3694 838 3761 chr}
866 3693 985 3776 (Phleg.
1009 3711 1035 3758 c.
1060 3692 1102 3772 7.)

176 3855 379 3866 -----

242 3941 250 3972 ¹
270 3938 391 4002 Meierus,
409 3955 473 3990 com.
491 3938 569 4006 epigr.
587 3938 613 3988 11
631 3955 657 4004 p.
671 3937 704 3991 83
722 3935 840 3987 adscribit
859 3952 916 3986 eum
934 3951 999 3985 anno
1018 3909 1053 4015 ἕ
1071 3951 1095 4000 p.
1114 3933 1182 3994 chr..
1205 3933 1273 3999 quod
1294 3940 1320 3984 et
1343 3933 1399 4001 ipss

1371 4028 1397 4067 53

172 4079 248 4129 snpra
272 4059 368 4127 scripsi.
406 4057 498 4110 Contra
517 4056 659 4108 Boeclrhius
684 4055 738 4120 (aur
756 4053 904 4106 Ceschichte
929 4053 953 4105 d.
977 4052 1143 4120 Moudcyclen
1166 4069 1191 4118 p.
1212 4052 1256 4118 62)
1279 4071 1344 4104 anno
1364 4081 1399 4136 H

172 4191 197 4238 p.
216 4171 275 4222 Chr.
309 4171 451 4235 Utrumque
469 4186 514 4234 per
532 4186 559 4218 se
578 4173 660 4234 potest
677 4165 739 4218 fieri.
769 4164 833 4217 Nam
852 4165 965 4231 Phlegon
984 4162 1136 4224 Trallianus,
1154 4164 1267 4229 quamvis
1285 4165 1399 4216 Graecus

171 4273 262 4324 graece
280 4256 416 4323 scripserit,
435 4256 535 4322 scripsit
552 4261 635 4305 tamen
646 4253 765 4304 Romanis
779 4261 804 4304 et
816 4252 882 4303 inter
893 4251 1020 4301 Romanos
1031 4250 1139 4316 ideoque
1151 4258 1272 4315 conputat
1283 4267 1313 4301 ex
1325 4250 1400 4301 annis

172 4341 247 4394 Urbis
265 4341 388 4392 conditae.
422 4341 509 4406 Itaque
527 4357 583 4390 curn
601 4342 683 4406 capi
702 4338 786 4388 scribit
806 4334 859 4386 »ἐπ’
883 4332 1019 4404 ἄρχοντος
1038 4332 1160 4403 Ἀθήνησι
1185 4331 1398 4401 Διονυσοδώρου,

173 4425 363 4478 ὑπατευόντων
382 4424 411 4475 ἐν
432 4420 517 4494 Ῥώμῃ
537 4422 651 4486 Δεκίμου
666 4419 772 4474 Ἰουνίου
791 4418 903 4472 Σιλανοῦ
924 4417 1095 4488 Τορκουάτου
1118 4417 1162 4469 aul
1178 4413 1293 4470 Κοΐντου
1314 4415 1400 4469 licre<

172 4511 233 4581 ρίου
255 4509 449 4574 liveandum«
474 4510 590 4576 intellegi
613 4510 667 4560 vult
688 4526 781 4559 annum
798 4509 829 4560 U.
849 4508 876 4558 C.
896 4507 960 4566 8053
984 4523 1014 4557 ec
1038 4506 1105 4556 enim
1128 4522 1193 4555 anno
1217 4504 1256 4556 itti
1281 4504 1398 4556 consules

173 4598 290 4655 infestis
309 4604 452 4653 occurrunt.
488 4595 578 4652 Incidit
595 4603 678 4650 autem
695 4613 717 4647 u.
736 4595 766 4650 U.
785 4594 813 4647 C.
832 4594 882 4654 806
901 4593 979 4645 ultera
996 4609 1027 4644 ex
1048 4599 1118 4661 parts
1140 4591 1173 4669 in
1184 4590 1285 4664 Olymp.
1303 4590 1397 4668 nour
