3510 5304
666 403 869 469 „gr-

152 609 223 658 rum
244 610 318 658 vero
346 591 495 676 inpensae
517 591 548 657 in
572 587 635 657 nrt.
659 591 718 672 ΙΙΙ,
743 594 815 666 553,
839 593 858 654 2
881 588 999 653 ἐκτῶν
1022 587 1321 674 σεβαστοφορικῶν,
1346 584 1379 654 in

154 701 217 770 nel.
240 704 267 785 I,
290 708 360 779 518,
384 707 402 768 3
425 703 465 769 ab
488 703 563 788 ipsos
584 706 724 769 cosmeta
745 701 995 783 suppeditentur.
1040 699 1187 783 Denique
1209 703 1379 782 utrumque

153 813 271 880 festum
293 815 373 880 haut
393 814 404 879 i
421 833 441 880 a
461 831 556 895 saepe
578 814 610 881 in
633 813 790 896 ephebicis
813 814 913 880 titulis
935 812 1081 880 occurrit.

237 925 384 992 Ceterum
399 925 504 991 omnia
519 925 573 990 illa
596 924 688 1005 festa,
711 943 845 1009 quorum
867 924 1074 1006 agonothetae
1096 924 1127 989 in
1151 923 1308 1007 ephebicis
1330 943 1381 991 aa·

156 1038 270 1120 talogis
294 1040 511 1133 recensentur,
540 1041 614 1102 sunt
634 1055 692 1120 pro
715 1038 761 1104 eis
789 1036 934 1104 habenda
960 1054 1042 1118 quae
1065 1035 1211 1118 privatim
1240 1034 1280 1101 ab
1304 1035 1381 1118 ipsis

153 1154 277 1216 tantum
310 1149 449 1230 ephebis,
482 1167 544 1214 non
576 1149 616 1214 ab
650 1148 794 1215 omnibus
827 1146 1072 1214 Atheniensibus
1104 1144 1263 1215 celebrata
1296 1151 1380 1212 sunt.

152 1260 378 1344 Praeterquam
408 1262 490 1328 enim
525 1261 610 1342 quod
640 1261 744 1326 omnia
771 1258 826 1325 illa
846 1258 945 1335 festa,
978 1276 1060 1341 quae
1087 1257 1121 1322 ia
1152 1257 1378 1340 imperatorum

151 1371 316 1439 honorem*
333 1373 373 1439 ab
407 1372 538 1453 ephebis
578 1371 833 1447 celebrabantur,
865 1375 989 1436 tantum
1017 1370 1050 1434 in
1080 1369 1237 1450 ephebicis
1270 1373 1381 1434 cata·

153 1480 272 1566 logis,
300 1483 393 1548 nullis
415 1484 447 1548 in
469 1481 539 1548 aliis
560 1481 660 1549 titulis
681 1482 898 1557 inveniuntur,
920 1479 997 1545 illud
1020 1479 1069 1546 vel
1090 1479 1164 1546 inde
1185 1484 1274 1562 patet
1295 1478 1380 1560 quod

151 1593 281 1674 publica
309 1611 408 1674 eaque
430 1611 554 1659 summa
575 1591 813 1658 Atheniensium
834 1590 931 1671 festa,
959 1590 1046 1657 velut
1067 1590 1229 1656 Eleusinia
1254 1595 1287 1656 et
1307 1590 1380 1656 Dio·

152 1704 240 1786 aysia
262 1723 387 1787 magna,
410 1705 525 1788 quibus
548 1703 702 1771 accedunt
722 1703 786 1769 alia
806 1703 930 1784 publica
952 1701 1049 1768 veluti
1064 1699 1288 1784 Oschaphoria,
1311 1700 1381 1765 Mu·

152 1813 263 1896 nichia,
288 1813 435 1897 Galaria,
459 1814 540 1881 festa
561 1815 682 1881 Dianae
704 1817 888 1897 Agrotcrae‚
913 1814 976 1880 alia
999 1813 1142 1896 denique,
1165 1830 1247 1893 quae
1269 1818 1382 1879 cuncta

152 1943 261 1992 revera
283 1925 420 2009 ephebos
442 1945 537 2008 agere
558 1927 667 1994 solitos
682 1943 752 1992 esse
766 1927 900 1993 sciamus
923 1922 984 2002 (Gi.
1000 1924 1195 2006 Dittenberg.
1218 1923 1239 1990 l.
1261 1922 1283 1988 l.
1306 1941 1378 2005 pag.

154 2034 320 2123 ott-70),
352 2056 393 2103 ne
421 2037 454 2101 in
483 2055 545 2102 uno
575 2038 701 2118 quidem
724 2037 916 2120 epheborum
949 2036 1134 2118 catalogo
1168 2039 1379 2102 recensentur.

154 2147 259 2212 Etiam
282 2165 364 2228 quae
392 2148 425 2213 in
453 2146 487 2212 G.
510 2147 535 2212 Ι.
560 2152 618 2213 271
644 2149 793 2231 leguntur
821 2148 919 2215 verba
944 2147 1026 2210 »ἀπὸ
1049 2144 1158 2235 richo
1176 2140 1321 2209 Ἐλευσῖνι
1343 2142 1381 2207 αἱ·

153 2279 224 2344 xpc«
253 2259 396 2324 revocari
422 2263 555 2341 possunt
573 2259 615 2324 ad
643 2257 801 2323 Ἀντιαόεια
829 2257 862 2321 ἐν
880 2254 1034 2323 Ἐλευσῖνι.
1058 2294 1100 2307 -
1122 2256 1214 2324 Unde
1235 2256 1313 2322 satis
1335 2256 1382 2321 ia·

152 2369 313 2452 tellegitur
334 2370 439 2436 omnia
459 2370 515 2435 illa
535 2370 626 2451 festa,
648 2388 782 2453 quorum
805 2370 1014 2452 agonothetae
1036 2369 1069 2434 in
1090 2366 1269 2435 huiusmodi
1289 2367 1380 2450 ephe

152 2479 263 2546 borum
294 2480 443 2563 catalogis
470 2486 677 2563 compareant,
699 2487 755 2548 aut
776 2481 967 2564 epheborum
996 2481 1123 2563 propria
1148 2479 1246 2546 fuisse
1268 2477 1382 2564 (eaque

154 2592 257 2657 omnia
283 2609 365 2672 quae
383 2593 423 2673 in
451 2593 675 2675 imperatorum
703 2592 852 2659 honorem
882 2593 1027 2658 instituta
1048 2588 1137 2676 sunt)
1160 2595 1217 2657 aut
1237 2589 1381 2672 quamvis

152 2702 286 2782 publica,
309 2702 456 2783 privatim
478 2708 592 2783 tamon,
615 2700 748 2770 tortasse
769 2704 885 2787 inipso
906 2703 1079 2786 gymnasio,
1101 2701 1142 2768 ab
1161 2700 1290 2784 ephebis
1312 2717 1382 2766 esse

152 2816 222 2878 acta
244 2812 358 2896 (eaque
380 2814 484 2879 omnia
511 2819 638 2894 praeter
664 2803 867 2897 imperatoria
888 2813 992 2898 festa).
1014 2851 1057 2862 —
1079 2814 1149 2892 Qua
1170 2833 1209 2880 ex
1230 2832 1265 2879 rc
1287 2812 1382 2878 simul

152 2928 239 3005 patet
261 2942 320 2989 cur
340 2931 450 2991 nostra
471 2926 503 2991 in
526 2925 728 3008 inscriptione
750 2926 947 2991 Lenaeorum
969 2930 1002 2991 et
1016 2924 1216 3007 Chytrorum
1238 2943 1320 3007 quae
1341 2923 1382 2989 ab

154 3034 281 3117 ephebis
304 3041 375 3102 acta
402 3055 472 3102 esse
494 3037 655 3117 dicantur,
682 3055 744 3103 non
765 3037 885 3119 proprii
911 3037 1119 3120 agonothetae
1140 3042 1382 3105 recenseantur:

153 3144 206 3211 illa
230 3146 378 3212 nimirum
404 3147 485 3214 festa
513 3167 614 3231 neque
644 3148 834 3231 epheborum
863 3149 991 3232 propria
1019 3152 1111 3214 eraut
1137 3165 1240 3231 neque
1268 3147 1309 3214 ab
1336 3145 1382 3211 eis

55 3338 60 3355 ‚
157 3258 304 3339 priuatim
326 3264 397 3324 acta
418 3266 493 3325 sunt
513 3260 669 3327 habenda.

242 3368 296 3436 Va.
330 3371 381 3435 26.
431 3371 628 3438 Antinoba
649 3390 772 3455 semper
794 3376 965 3454 conparent
987 3370 1135 3455 duplicia,
1151 3367 1316 3436 Ἀντινόεια
1349 3367 1382 3433 ἐν

153 3475 247 3561 ἄστει,
270 3481 372 3546 altera
389 3477 427 3546 'A
452 3479 485 3544 ἐν
503 3478 676 3559 Ἐλευσεῖνι,
699 3501 832 3566 quorum
854 3484 908 3549 illa
929 3503 992 3549 nou
1014 3501 1182 3564 numquam
1199 3483 1294 3549 etiam
1311 3482 1381 3547 sim-

151 3591 274 3675 pliciter
303 3593 451 3659 dicuntur
474 3589 650 3671 Ἀντινόεια,
673 3594 770 3661 veluti
797 3595 831 3659 iu
859 3593 924 3659 nel.
948 3594 974 3675 I,
997 3599 1068 3671 384,
1092 3600 1120 3660 3.
1171 3594 1230 3675 ΙΙΙ,
1252 3598 1325 3674 277,
1350 3598 1379 3658 1.

153 3701 177 3782 I,
205 3707 277 3784 384,
300 3709 330 3769 4.
354 3737 395 3749 -
418 3703 453 3770 (l.
477 3705 502 3769 I.
526 3703 647 3792 248.(?)
671 3741 710 3751 —
735 3706 842 3771 Etiam
862 3706 954 3788 Argis
977 3710 1010 3770 ct
1024 3705 1204 3771 Mantineae
1225 3704 1385 3770 celebrata

158 3830 227 3879 esse
249 3814 421 3895 Antinoba,
444 3816 501 3882 sed
516 3836 553 3883 ea
573 3816 715 3899 publica,
738 3817 831 3883 docet
853 3815 964 3882 titulus
988 3813 1023 3880 G.
1046 3816 1072 3882 Ι.
1098 3819 1188 3881 1124.
1232 3815 1385 3881 Instituta

159 3930 232 3990 sunt
254 3924 288 3991 ia
309 3925 459 3992 honorem
482 3928 629 4007 Antinoi,
652 3927 754 3993 dilecti
777 3928 817 3993 ab
839 3927 1001 3992 Hadriano
1023 3926 1154 4008 iuvenis,
1177 3927 1266 3992 cuius
1288 3927 1384 3993 etiam

158 4037 369 4102 sacerdotium
390 4035 451 4101 fuit
471 4038 504 4103 in
527 4037 719 4120 epheborum
741 4038 912 4119 gymnasio,
934 4037 1019 4118 quod
1041 4057 1079 4104 ex
1100 4037 1252 4104 vocabulo
1281 4035 1386 4122 ἱερεὺς

150 4145 310 4228 Αντινόου,
343 4148 397 4228 qui
424 4148 541 4230 passim
569 4149 653 4214 iuter
681 4148 818 4230 ephebos
846 4149 999 4229 occurrit,
1027 4148 1217 4231 colligimus,
1247 4147 1309 4212 nisi
1335 4147 1384 4212 vel

154 4254 227 4322 illud
250 4256 345 4322 inane
367 4258 553 4325 vocabulum
576 4259 679 4327 fuerit
703 4297 745 4308 -

243 4366 296 4434 Vs.
312 4369 367 4436 28,
399 4364 616 4456 §inprocera
639 4372 671 4438 in
685 4370 838 4438 Hadriani
859 4372 1009 4439 honorem
1025 4373 1179 4439 instituta.
1217 4369 1330 4451 Semel,
1352 4369 1386 4435 in

156 4472 217 4543 nn.
240 4476 269 4555 Ι,
292 4483 364 4559 384,
389 4484 407 4544 3
435 4499 481 4546 vs.
504 4485 555 4561 35,
583 4482 698 4563 legitur
720 4483 891 4568 Ἁδριάνεια
913 4483 951 4547 τὰ
973 4482 1006 4546 ἐν
1028 4483 1131 4563 ἄστει,
1158 4482 1214 4548 sed
1236 4482 1296 4547 hoc
1318 4482 1385 4547 sine

156 4586 248 4656 dubio
260 4589 302 4656 ad
314 4591 510 4674 quadratarii
521 4594 751 4677 neglegentiam
762 4594 961 4661 referendum
973 4598 1031 4660 est.
1054 4590 1384 4683 (aicapIXiufine.)
