3490 5296
856 403 1092 467 -120-

361 583 521 651 dromione
540 588 599 652 aut
619 585 895 668 Maemacterioue‚
917 586 1029 653 titulus
1052 591 1102 653 cst
1124 587 1319 670 conpositus,
1341 584 1513 654 Commodo
1537 587 1592 653 ad·

360 695 422 762 huc
443 697 525 763 vivo.
558 696 670 763 Paullo
691 700 772 779 post,
794 697 988 765 Poseideone
1009 718 1125 781 mense,
1147 699 1206 766 hoc
1220 698 1385 767 interiecto
1399 700 1508 766 statim
1522 699 1592 766 eius

360 827 472 876 nomen
498 811 538 876 ob
567 808 673 876 odium
701 814 751 875 est
779 829 919 893 erasum,
952 811 1031 877 haut
1057 810 1156 878 multo
1186 817 1292 877 autem
1314 816 1395 894 post,
1418 815 1592 895 antequam

360 921 510 1004 ephebiae
533 939 634 987 annus
655 927 800 1004 peractus
822 927 923 998 esset,
956 922 1059 990 denuo
1084 928 1135 990 eet
1160 923 1351 1006 insculptum
1380 925 1438 1005 (vs.
1463 918 1521 1008 60)
1551 922 1593 990 ab

362 1031 526 1099 ambitioso
548 1031 601 1097 illo
625 1033 754 1115 ephebo.

447 1143 534 1222 Quae
557 1144 738 1226 conputatio
765 1143 794 1209 si
821 1148 909 1210 recta
931 1149 994 1225 est,
1016 1144 1069 1211 ille
1091 1142 1201 1212 Claud.
1226 1143 1371 1211 Braduas
1393 1144 1520 1212 Atticus
1543 1163 1593 1211 ar-
1642 1175 1646 1181 ·

359 1271 439 1338 chon
473 1270 534 1336 luit
572 1290 653 1337 anno
686 1254 788 1364 {lg-p.
811 1269 885 1336 Chr.

444 1400 525 1466 Hinc
546 1400 609 1466 iam
631 1398 715 1465 allud
739 1399 890 1480 quiddam
912 1401 996 1480 quod
1027 1402 1067 1467 ad
1095 1401 1207 1468 seriem
1234 1401 1489 1485 paedotribarum
1520 1420 1593 1482 per-

361 1516 528 1595 petuorum
556 1511 808 1579 constituendam
836 1513 957 1597 aliquid
985 1513 1126 1582 conterat
1148 1516 1215 1580 erui
1237 1518 1351 1596 potest.
1396 1513 1526 1579 Etenim
1559 1513 1594 1577 in

358 1622 438 1688 Phil.
453 1623 503 1688 tit
520 1622 587 1705 (IV,
603 1629 675 1704 272,
691 1627 723 1707 3)
747 1624 835 1690 iuxta
854 1624 1071 1706 paedotribam
1086 1630 1273 1708 perpetuum
1288 1630 1471 1691 recensetur
1485 1642 1534 1690 vs.
1550 1628 1592 1689 34

358 1733 623 1822 ὑπσπαιὸοτρίβής
649 1734 700 1798 διὰ
727 1735 801 1819 βίον
823 1735 1032 1823 Νικόστρατος
1059 1733 1177 1823 Ἱλάραν
1199 1736 1386 1826 Παλληνεύς.
1424 1736 1473 1801 Ad
1490 1736 1525 1801 h.
1542 1754 1591 1802 ve.

359 1844 490 1911 adnotat
505 1844 721 1939 Cumanudes:
746 1846 800 1910 ντὸ
825 1847 937 1910 »ὁποι
962 1849 1023 1933 πρὸ
1046 1851 1099 1912 τσῦ
1118 1847 1424 1936 νπαιδοτρίβηςι
1442 1845 1592 1934 ἐξήλειψε

359 1960 489 2030 παλαιός
509 1984 571 2037 τις,
601 1956 662 2024 ἀλλ’
686 1959 733 2050 ὄχι
755 1959 859 2032 οὕτως
878 1963 957 2032 dare
980 1963 1017 2027 νὰ
1037 1964 1082 2051 μή
1105 1962 1275 2049 φαίνωνται
1298 1963 1335 2026 τὰ
1356 1960 1421 2051 ἴχνη
1453 1963 1506 2026 τοῦ
1533 1962 1589 2040 0Ι

352 2063 444 2141 Ἴσως
465 2071 502 2135 δὲ
524 2072 561 2135 τὰ
583 2071 746 2160 ἐξήλειψε,
768 2073 845 2138 διότι
867 2073 900 2138 ἐν
923 2082 970 2160 τῷ
992 2073 1279 2149 κατασκευάζεσθαι
1299 2076 1353 2163 τήν
1376 2073 1490 2162 σιήλήν
1513 2072 1591 2136 aare·

358 2179 438 2247 ιλανε
460 2184 550 2273 τυχὸν
573 2185 591 2246 d
613 2183 678 2248 ἄνια
698 2183 927 2274 μνημονευθελς
944 2182 1117 2274 ’blatra-proc
1137 2187 1186 2250 καὶ
1208 2188 1260 2249 τὸν
1288 2182 1434 2275 διεδὲχιλή
1462 2186 1480 2247 d
1502 2183 1591 2248 Nord·

358 2316 495 2380 στρατος
523 2296 570 2365 ὡς
600 2295 716 2383 κυρίως
748 2301 876 2383 πρῶτος
908 2297 1141 2384 παιδατρίβής.ι
1191 2297 1376 2363 Rectissime
1409 2296 1591 2363 observavit

360 2403 567 2471 Comanudes.
613 2407 818 2488 Atqueadeo
841 2409 1048 2475 etiamsinon
1070 2408 1269 2488 adnotasset,
1299 2407 1399 2473 simile
1428 2406 1505 2490 quid
1536 2426 1589 2472 su-

361 2516 474 2598 spicari
503 2518 648 2585 debebas.
697 2517 798 2584 Aliter
812 2506 954 2599 'prorsus
983 2518 1141 2601 singulare
1171 2523 1204 2585 et
1234 2519 1349 2584 mbum
1383 2522 1466 2585 esset
1502 2517 1589 2600 quod

357 2631 429 2709 post
457 2627 760 2716 νὺποπαιὸοτρίβήςι
784 2629 932 2699 scribitur
948 2628 1019 2692 »ded
1032 2627 1135 2711 dicar
1166 2627 1224 2695 Illo
1239 2629 1321 2695 euim
1336 2632 1476 2709 tempore
1490 2628 1589 2710 hypo·

357 2736 544 2817 paedotriba
564 2738 702 2804 nondum
723 2758 780 2821 per
801 2740 886 2805 vitae
907 2744 1031 2822 tempus
1053 2757 1167 2805 munus
1182 2739 1317 2805 obtinet:
1338 2738 1398 2804 hoc
1412 2738 1589 2820 posteriore

357 2845 483 2913 demum
505 2852 610 2914 aetate
631 2867 692 2915 usu
713 2851 815 2930 venit3
849 2849 908 2933 (Ol.
932 2868 1029 2933 supra
1050 2869 1122 2934 pag.
1144 2854 1195 2916 43.
1219 2848 1285 2935 44).
1329 2848 1421 2914 Nunc
1450 2867 1525 2914 vero
1554 2849 1588 2912 in

359 2958 512 3024 rationem
535 2965 647 3025 vocata
668 2960 861 3027 Cumanudis
889 2962 1109 3029 observatione
1134 2964 1223 3044 patet
1250 2978 1312 3025 uon
1340 2960 1441 3025 solum
1473 2958 1585 3021 »aaa«

361 3072 435 3134 ante
460 3069 702 3158 »παιδοτρίβήςι
726 3077 836 3154 postca
858 3091 993 3154 erasum,
1015 3072 1234 3138 verumetiam
1251 3069 1425 3153 νδιὰβίσυι
1443 3069 1588 3135 additum

359 3196 443 3255 esse,
471 3181 613 3263 quamvis
640 3181 700 3247 hac
728 3182 767 3247 de
794 3202 830 3248 re
857 3181 1056 3249 Cumanudes
1084 3183 1162 3249 nihil
1188 3186 1284 3247 notet.
1330 3182 1500 3247 Praeterea
1527 3180 1587 3246 hoc

357 3288 460 3371 ipsum
475 3308 531 3356 cur
553 3289 671 3357 lactum
690 3291 733 3357 sit
754 3292 846 3358 aliter
867 3313 929 3359 non
950 3298 1056 3377 potest
1077 3293 1216 3376 intellegi
1237 3293 1305 3369 nisi,
1327 3293 1360 3360 id
1374 3291 1457 3373 quod
1474 3290 1586 3357 Cuma-

357 3399 457 3466 uudes
485 3402 680 3485 suspicatur,
710 3407 886 3469 statuamus
912 3404 1017 3488 paullo
1045 3409 1118 3486 post
1144 3404 1281 3486 positum
1311 3402 1437 3468 titulum
1469 3403 1587 3468 obiisse

356 3512 572 3592 paedotribam
594 3520 782 3595 perpetuum
796 3511 985 3598 Epictetum,
1008 3516 1096 3582 euius
1118 3515 1284 3595 inlocum,
1306 3519 1343 3578 ut
1363 3520 1431 3579 tum
1453 3513 1585 3588 solebat,

356 3621 626 3705 hypopaedotriba
655 3624 865 3712 Νικόστρατος
883 3623 1002 3711 Ἱλαρου
1031 3624 1212 3713 Παλληνεύς
1240 3623 1440 3692 successerit¹
1475 3623 1586 3690 eodem

360 3801 460 3862 tempus
484 3804 528 3847 aut
550 3796 594 3863 qui
615 3798 805 3865 agonothesiam
828 3798 890 3850 certi
913 3798 1045 3850 cuiusdam
1068 3798 1128 3850 festi
1151 3798 1301 3865 praecitatum
1322 3805 1394 3850 erant
1419 3797 1446 3848 id
1472 3795 1586 3864 profiteri

359 3881 470 3932 solerent
486 3882 571 3933 statim
588 3882 659 3933 initio
677 3882 792 3949 ephebiei
809 3884 869 3934 anai
886 3883 954 3950 apud
974 3890 1124 3956 cosmatem,
1148 3883 1192 3950 qui
1208 3884 1264 3950 ipse
1282 3883 1364 3934 statim
1386 3882 1511 3948 ephebie'r
1527 3881 1586 3933 anni

362 3966 433 4017 initio
452 3966 593 4035 catalogum
611 3969 658 4019 sub
675 3968 731 4034 ipso
749 3969 913 4034 epheborum,
930 3970 1184 4036 gymnasiarchorum,
1206 3968 1411 4036 agonothetamm
1424 3974 1500 4033 atque
1511 3983 1584 4034 gym-

281 4044 284 4051 ’
360 4052 426 4104 nesii
443 4052 633 4118 magistratuum
651 4052 784 4104 conficeret
800 4060 826 4104 et
842 4055 868 4104 in
880 4053 1019 4120 Diogeneto
1037 4056 1161 4121 poneret?
1187 4053 1220 4104 Et
1236 4071 1294 4105 vero
1312 4053 1337 4104 in
1355 4053 1422 4103 tituli
1433 4052 1585 4120 praescripto

356 4155 407 4190 uon
425 4138 513 4190 dieitur
530 4137 693 4206 (ἀνέγραψε)
712 4136 779 4199 τοὺς
795 4136 1037 4207 σννάρξαντας,
1055 4141 1102 4192 sed
1123 4137 1190 4197 τοὺς
1208 4137 1446 4208 συνάρχοντας.
1477 4141 1512 4191 At
1524 4140 1585 4191 ratio

359 4223 472 4274 redditur
483 4224 510 4275 in
523 4225 612 4276 eodem
628 4225 665 4276 tit.
683 4225 845 4291 pecuniarum
861 4227 987 4293 gymnasii
1003 4224 1061 4294 (ιέκ
1078 4227 1133 4276 τῶν
1152 4223 1410 4293 σεβαστσφορικῶνι
1429 4223 1499 4292 κτλ.)
1534 4225 1585 4278 sed

362 4308 428 4360 hane
444 4318 529 4361 notam
546 4317 633 4377 postea
651 4310 752 4361 demum
771 4310 914 4378 inscriptam
931 4329 989 4363 esse
1005 4329 1050 4378 pro
1068 4327 1188 4378 persuaso
1210 4311 1304 4371 habeo;
1328 4311 1396 4376 quod
1419 4311 1525 4363 indicari
1546 4311 1583 4362 vi-

367 4393 441 4445 detur
459 4395 514 4463 ipso
531 4395 587 4446 loco
605 4412 654 4461 quo
672 4396 771 4462 sculpta
788 4405 835 4458 eat,
852 4398 968 4449 nimirum
986 4396 1051 4449 inter
1064 4396 1119 4450 eol.
1130 4397 1156 4447 11
1172 4404 1198 4448 et
1213 4397 1251 4447 111
1267 4396 1351 4448 media
1369 4397 1434 4448 inter
1450 4395 1583 4449 recensitos

356 4479 484 4546 ephebos,
510 4482 569 4548 quia
589 4482 688 4535 seilicet
704 4483 769 4535 infra
785 4491 874 4551 postea
890 4501 942 4537 noa
958 4486 1060 4537 vacabat
1077 4484 1193 4552 spatium.

432 4602 442 4632 ¹
459 4600 496 4654 Et
511 4603 631 4655 successit
647 4620 747 4663 νοτιτιις
766 4603 798 4655 of.
816 4620 892 4671 supra
907 4621 965 4672 pag.
977 4607 1018 4659 44.
