3510 5304
677 408 888 469 ..13-

174 597 221 662 ita
242 596 369 678 longum
392 599 515 676 tempus
542 593 731 672 perdurasse
760 609 817 672 per
839 609 873 656 11
900 589 1102 673 intellegitur.
1156 589 1254 655 Immo
1288 588 1396 654 verisi-

171 709 244 774 mile
265 713 324 782 est,
346 707 504 789 integrum
526 724 598 771 mox
620 703 721 770 solum
738 707 900 785 receptum
923 719 992 767 esse
1014 700 1260 767 Atheniensibus
1282 698 1396 783 Callip-

171 820 275 901 picum
297 817 428 900 cyclum,
450 815 606 883 Metonico
629 814 723 894 plane
744 813 863 879 1111110.
897 812 942 878 Et
963 830 1037 878 uero
1059 811 1127 894 ipse
1141 811 1318 878 Boeckhius
1339 811 1360 877 l.
1375 811 1396 875 1.

173 947 243 1011 pag.
268 932 306 992 62
329 929 411 993 hanc
432 926 620 992 sententiam
644 930 753 990 tuetur
775 924 896 989 dicens:
923 942 1014 988 »man
1038 921 1128 988 sollte
1151 922 1284 1004 denken,
1305 921 1398 988 nach-

173 1040 243 1105 dem
265 1056 337 1102 man
361 1037 475 1102 einmal
496 1035 691 1119 angelangen
712 1035 812 1114 hatte,
835 1033 1007 1099 secundaer
1038 1033 1119 1099 auch
1141 1032 1336 1116 Kallippisch
1358 1052 1399 1098 zu

174 1150 307 1224 datiren,
331 1147 434 1214 werde
456 1167 529 1213 man
556 1146 630 1214 bald
652 1163 732 1229 ganz
761 1163 834 1211 zum
856 1145 1090 1228 Kallippischen
1120 1145 1281 1211 Kalender
1308 1144 1398 1210 tiber·

173 1278 336 1343 gegangen
359 1260 456 1325 sein«
503 1259 607 1341 Atque
638 1257 707 1338 hoc,
742 1261 779 1322 ut
811 1258 873 1322 iam
907 1256 987 1334 dixi,
1022 1256 1098 1322 mihi
1131 1257 1257 1337 quidem
1289 1273 1400 1337 revera

175 1371 294 1436 iactum
316 1370 456 1445 videtur,
480 1369 564 1452 quod
586 1370 669 1435 idem
691 1373 777 1435 certo
807 1373 839 1434 et
860 1369 927 1450 ipse
956 1367 1133 1435 Boeckhius
1162 1367 1337 1434 censuisset
1357 1402 1401 1413 -

173 1488 265 1566 patet
284 1483 344 1549 hoc
366 1502 404 1548 11
425 1481 474 1562 iis,
498 1501 579 1564 quae
602 1481 775 1563 attulimus,
799 1481 868 1546 eius
890 1479 995 1547 verbis
1017 1478 1142 1544 -nisi
1164 1478 1257 1545 aliter
1278 1482 1315 1545 ut
1336 1482 1401 1543 sta·

174 1597 280 1659 tueret
301 1597 473 1659 commotus
503 1598 588 1658 esset
620 1592 712 1658 titulo
735 1590 769 1656 0.
792 1592 821 1657 1.
840 1611 886 1673 gr.
911 1595 982 1671 267,
1015 1592 1070 1671 qui
1103 1607 1185 1656 anno
1209 1594 1249 1655 53
1272 1608 1302 1670 p.
1327 1587 1399 1653 Ohr.

173 1723 238 1769 non
259 1702 438 1769 intercalari
460 1702 502 1767 sit
523 1702 668 1785 scriptus,
692 1721 762 1768 cum
791 1707 897 1768 tamen
920 1720 958 1767 ex
980 1699 1151 1783 Callippico
1185 1700 1270 1784 cyclo
1305 1699 1401 1765 inter·

176 1814 290 1879 calaris
312 1832 412 1879 annus
435 1812 621 1896 postuletur.
659 1813 702 1878 At
722 1814 750 1878 is
772 1813 938 1895 scrupulus
961 1831 1044 1879 nunc
1066 1811 1192 1893 quidem
1213 1815 1400 1878 removetur.

174 1924 315 1988 Primum
337 1925 419 1989 enim
442 1943 478 1990 ex
502 1944 539 1990 ea
561 1944 605 2005 re,
628 1925 712 2007 quod
733 1924 786 1991 1110
809 1923 841 1989 11
863 1923 964 2007 1111101
985 1923 1148 1990 duodecim
1171 1922 1402 2005 gymnasiarchi

176 2040 401 2101 recenseantur
422 2053 619 2116 nequaquam
642 2072 683 2084 -
705 2035 753 2101 uti
780 2034 960 2101 Boeckhius
990 2033 1090 2100 voluit
1113 2070 1157 2080 —
1178 2031 1258 2101 effici
1286 2052 1403 2099 annum

175 2145 263 2211 tituli
285 2165 348 2211 non
370 2145 588 2212 intercalarem
609 2145 716 2222 luisse,
737 2144 820 2232 infra
840 2145 874 2211 in
895 2165 961 2228 cap.
979 2146 1021 2211 ΙΙ.
1043 2152 1190 2213 accurate
1212 2145 1402 2211 docebimus

176 2256 307 2323 Accedit
323 2256 407 2338 quod
424 2257 541 2323 archon
551 2256 798 2339 Dionysodorus,
817 2257 870 2322 1110
890 2258 922 2322 11
937 2256 1029 2323 111110
1047 2260 1249 2337 memoratus,
1265 2275 1305 2322 11
1320 2255 1404 2322 cadit

176 2368 313 2450 quidem,
329 2373 367 2434 ut
376 2367 553 2435 Boeclrhius
572 2369 702 2448 censuit,
722 2369 754 2433 in
772 2386 800 2433 a.
816 2366 1404 2451 53114101111111111521531101

176 2480 253 2544 item
267 2477 349 2543 inira
363 2479 639 2545 demonstrabitur.
662 2478 700 2544 11.
716 2479 812 2544 index
827 2480 1022 2546 archontum.
1055 2479 1167 2563 itaque
1183 2478 1236 2543 ille
1253 2477 1405 2544 Boeckhii

178 2589 346 2671 scrupulus
369 2590 547 2656 etiamnunc
568 2608 631 2655 non
653 2594 763 2671 restat,
784 2608 886 2672 neque
914 2589 1085 2672 quidquam
1108 2594 1165 2669 est,
1194 2587 1278 2669 quod
1300 2594 1405 2670 poste·

179 2700 315 2765 rioribus
336 2701 531 2781 temporibus
553 2699 758 2782 Callippicum
780 2701 900 2783 cyclum
922 2718 984 2766 non
1012 2702 1043 2766 in
1071 2718 1132 2766 usu
1164 2698 1261 2766 fuisse
1292 2705 1405 2783 putare

179 2827 239 2874 nos
260 2810 376 2876 iubeat.
421 2812 526 2891 Atque
548 2812 627 2876 adeo
649 2811 756 2877 statim
785 2813 825 2878 ab
852 2812 941 2877 initio
963 2816 1124 2894 receptum
1151 2829 1222 2877 eum
1249 2829 1320 2877 esse
1342 2813 1406 2877 Au-

180 2926 294 3003 gustus
317 2921 541 2986 Mommsenius
563 2923 694 2987 censuit.
739 2923 811 2989 Non
833 2941 902 2988 sum
925 2924 952 2988 11
979 2922 1130 3005 profecto,
1162 2923 1216 3003 qui
1248 2930 1314 2988 tam
1336 2942 1405 3004 gra-

181 3031 274 3098 vibus
297 3036 330 3097 et
350 3031 505 3098 intricatis
529 3032 684 3098 derebus
714 3034 886 3117 quidquam
918 3032 1059 3116 prolerre
1092 3035 1208 3100 nedum
1241 3052 1297 3117 pro
1320 3040 1406 3100 01110

181 3148 324 3208 statuero
345 3144 492 3209 auserim.
537 3142 620 3208 Illud
642 3163 749 3224 unum,
781 3144 866 3224 quod
899 3162 970 3209 cum
996 3164 1054 3227 per
1085 3163 1120 3210 se
1143 3145 1305 3226 probabile
1338 3149 1407 3210 tum

182 3255 278 3320 etiam
298 3253 359 3334 ipsi
380 3252 540 3320 Boeclrhio
563 3289 605 3299 -
627 3260 664 3319 ut
686 3273 782 3336 supra
804 3255 1009 3320 indicavimus
1032 3256 1100 3321 eius
1122 3255 1221 3338 ipsius
1237 3256 1342 3321 verbis
1364 3291 1406 3302 -

181 3363 350 3430 verisimile
373 3365 416 3429 sit
435 3364 547 3443 visum,
571 3364 661 3430 lubet
682 3365 771 3431 nobis
793 3365 827 3430 in
856 3383 950 3431 usum
971 3371 1104 3432 vertere.
1149 3368 1297 3433 Ponimus
1330 3384 1406 3448 ergo

185 3474 392 3558 Callippicum
414 3474 544 3557 cyclum,
568 3474 664 3539 semel
692 3481 855 3556 receptum
889 3477 984 3541 etiam
1016 3478 1238 3558 imperaturum
1272 3483 1409 3544 aetatem

188 3587 386 3668 perdurasse.
430 3585 476 3651 Ut
497 3590 620 3665 autem,
654 3586 737 3667 quod
758 3585 831 3652 hinc
864 3586 1109 3654 demonstraturi
1142 3607 1260 3669 sumus,
1294 3588 1409 3654 clarius

183 3696 414 3778 perspiciatur,
449 3713 548 3761 annos
582 3696 636 3778 qui
668 3697 721 3761 hic
761 3700 898 3777 aguntur
934 3702 1100 3763 138-175
1137 3699 1170 3763 in
1203 3685 1410 3781 Callippicum

184 3805 306 3888 cyclum
327 3806 516 3889 redegimus.
562 3806 646 3871 Anni
667 3806 783 3872 litteris
807 3813 880 3887 ΕΜ
903 3807 1079 3890 significati,
1110 3815 1185 3876 sunt
1213 3810 1411 3877 embolimaei

183 3915 234 3982 vel
255 3916 459 3982 intercalares
481 3936 519 3983 ex
543 3917 621 4000 cycli
642 3919 775 3984 ratione.

192 4138 333 4191 finitionem
354 4139 405 4188 iam
423 4157 474 4190 non
491 4139 524 4189 ad
540 4138 650 4191 Melonis
673 4150 699 4192 11
720 4140 829 4209 Callippi
852 4141 978 4209 cyclorum
1002 4143 1110 4195 rationes
1134 4162 1210 4211 posse
1232 4144 1344 4196 revocari
1365 4144 1412 4196 sed

184 4233 258 4283 aliter
276 4232 471 4298 intellegendam
489 4250 546 4284 1111
563 4233 630 4284 (11111.
661 4234 749 4299 Neque
768 4248 852 4286 tamen
870 4253 900 4287 ea
917 4254 944 4288 re
961 4237 1116 4304 hypothesis,
1135 4253 1185 4303 qua
1203 4254 1263 4289 usus
1282 4255 1346 4300 sum,
1366 4237 1410 4288 sol.

184 4326 356 4393 Callippicum
375 4326 473 4393 cyclum
493 4328 515 4378 ai
533 4328 617 4378 minus
638 4329 723 4380 statim
741 4330 772 4380 ab
791 4329 860 4380 initio
878 4339 905 4381 at
922 4331 1028 4396 posteris
1046 4339 1129 4382 tumen
1145 4332 1299 4398 temporibus
1318 4332 1343 4382 in
1363 4348 1412 4382 usu

184 4420 263 4471 111111
282 4420 481 4482 Atheniensium,
498 4430 646 4474 removetur.
