3510 5304
865 390 1078 453 „55-

354 575 526 641 obtinuisse
541 591 725 654 summaque
747 574 938 641 auctoritate
959 578 993 640 et
1014 574 1168 658 dignitate
1189 575 1272 639 inter
1287 573 1496 641 Athenienses
1518 594 1582 640 ma-

354 687 507 769 gistratus
528 683 671 752 floruisse
687 684 869 751 iamdudum
884 685 1058 752 constabat.
1098 683 1286 768 Saepissime
1300 686 1387 751 iuxta
1401 685 1583 751 archontem

354 797 387 862 in
416 796 580 863 titulorum
608 795 809 878 praescriptis
838 801 1002 879 conpare43
1033 797 1150 879 passim
1173 798 1269 863 eliam
1295 796 1334 863 ab
1357 815 1394 864 eo
1417 797 1483 864 solo
1505 803 1583 863 tem-

354 906 441 990 poris
467 905 504 972 fit
526 905 665 973 definitio
686 906 720 971 in
741 906 842 1000 titulis
865 905 913 983 (C.
937 907 963 972 1.
987 912 1065 991 4803
1089 913 1162 974 485.
1207 907 1301 990 Apud
1322 909 1412 973 Ross.
1441 908 1481 973 de
1503 907 1584 974 dem.

354 1035 425 1100 pag.
448 1022 487 1083 87
514 1036 565 1083 no.
592 1022 661 1083 141.
705 1017 799 1100 Apud
825 1017 900 1083 Pitt
927 1017 1016 1083 l’ane.
1039 1017 1179 1084 Athenas
1207 1037 1277 1101 pag.
1302 1022 1372 1083 159.
1396 1017 1430 1083 G.
1453 1018 1479 1084 Ι.
1507 1022 1582 1097 191;

246 1220 250 1227 Ι
337 1128 454 1215 ish).
499 1130 642 1210 Denique
671 1147 785 1210 operae
814 1130 950 1212 pretium
977 1130 1102 1197 uidetur
1129 1124 1198 1196 huc'
1218 1128 1342 1197 adferre
1368 1130 1417 1194 tit.
1443 1127 1506 1197 dcl.
1529 1129 1583 1205 IV,

358 1245 430 1317 532,
455 1247 482 1322 1,
506 1240 561 1307 ubi
583 1241 703 1306 Novius
723 1240 839 1306 Philini
860 1239 902 1307 fil.
926 1242 1103 1330 στρατηγὸς
1124 1241 1172 1305 ἐπὶ
1194 1241 1232 1304 τά
1252 1240 1333 1304 ύπλοι
1355 1241 1390 1304 τὸ
1412 1238 1526 1322 ὄγδοον
1547 1241 1586 1306 si·

355 1351 422 1417 mul
443 1351 534 1417 audit
555 1349 722 1439 ἀρχιερεύς
737 1350 884 1436 Νέρωνος
897 1352 945 1414 καὶ
960 1350 1032 1421 Διὸς
1044 1347 1241 1438 Ἐλευθερίου
1258 1349 1293 1414 ἐκ
1309 1355 1369 1414 τῶν
1380 1346 1532 1439 Ἑλλήνων
1543 1347 1586 1437 (λ)

355 1463 404 1526 καί
425 1460 610 1550 ἐπιμελητής
637 1465 693 1549 τῆς
722 1460 844 1531 πόλεως
871 1461 922 1524 διὰ
947 1461 1020 1544 βίου
1052 1463 1100 1525 καὶ
1129 1463 1235 1548 ἱερεύς
1260 1461 1370 1549 Δηλίου
1397 1460 1588 1532 ’Λπόλλωνος

354 1575 403 1637 καὶ
424 1572 609 1661 ἐπιμελητής
638 1577 694 1660 τής
722 1573 811 1657 ίερᾶς
837 1571 938 1660 Δήλου
968 1574 1017 1636 καί
1046 1572 1221 1661 ἀρχιερέως
1251 1575 1304 1637 τού
1332 1570 1419 1636 οἴκου
1443 1574 1505 1636 ταῖν
1527 1570 1586 1635 Σε·

352 1685 483 1768 βοστκῦν
506 1685 555 1747 καὶ
576 1682 705 1769 ἄριστος
727 1691 789 1747 τάν
806 1678 958 1772 Ἑλλήνων
980 1685 1028 1747 καὶ
1058 1681 1240 1772 νομούέτης.
1286 1682 1374 1751 Adeo
1403 1682 1522 1749 multae
1552 1682 1588 1748 in

352 1795 441 1862 illurn
466 1794 624 1862 hominem
645 1794 778 1862 collatae
806 1799 881 1861 sunt
911 1794 1094 1877 dignitates!
1133 1796 1237 1877 Atque
1265 1794 1389 1861 omnino
1418 1794 1589 1876 imperato

352 1924 424 1973 rum
438 1909 544 1973 aetate
558 1905 689 1989 strategi
705 1924 818 1971 munus
833 1923 945 1988 reapse
959 1905 1096 1973 omnium
1110 1905 1366 1973 honestissimum
1381 1911 1414 1972 et
1429 1905 1587 1988 amplissi-
1664 1938 1668 1944 ·

354 2037 440 2089 mum
462 2017 587 2084 videtur
608 2015 716 2090 fuisse,
737 2017 880 2101 quamvis
902 2017 1013 2084 ordine
1035 2017 1215 2097 seeundum,
1242 2016 1327 2099 quod
1349 2035 1388 2082 ex
1410 2017 1510 2104 titulis
1534 2035 1587 2082 sa·

353 2128 395 2195 tis
423 2128 622 2213 perspicitur.
672 2127 813 2194 Tertium
840 2133 947 2195 autem
976 2128 1093 2195 ordinis
1123 2128 1257 2210 gradum
1290 2128 1409 2216 κήρυκα
1440 2125 1497 2212 (sc.
1530 2131 1591 2214 τῆς

356 2232 394 2312 ἐξ
406 2234 523 2325 Ἀρείου
540 2239 640 2322 πάγου
654 2237 775 2327 βουλής
791 2256 861 2304 meo
884 2238 1010 2315 iudicio,
1032 2257 1095 2306 non
1118 2243 1174 2326 τής
1191 2238 1312 2327 βουλῆς
1336 2240 1384 2302 καὶ
1400 2241 1453 2302 τού
1468 2238 1589 2326 λήρου)

360 2349 536 2419 obtinuisse
557 2369 595 2415 ex
617 2349 774 2433 ephebicis
795 2349 857 2415 illis
879 2349 980 2415 titulis
1002 2348 1148 2432 colligere
1170 2350 1257 2431 licet,
1286 2350 1319 2417 in
1348 2350 1462 2433 quibus
1491 2350 1589 2417 lertio

355 2479 457 2545 usqne
483 2459 552 2528 loeo
581 2465 739 2543 conparet.
784 2461 828 2526 Et
856 2479 933 2527 sane
961 2460 995 2526 in
1022 2460 1210 2534 archontum
1239 2462 1420 2545 anagraphe
1447 2498 1490 2508 —
1512 2462 1589 2529 talis

354 2573 437 2641 enim
458 2588 530 2639 mea
544 2573 701 2640 sententia
718 2576 767 2640 est
787 2608 831 2619 -
852 2568 1101 2660 111Ἐφηρ.ἀρχ.
1127 2576 1205 2637 1941
1232 2573 1360 2653 (=Pitl.
1383 2573 1472 2639 l’anc.
1489 2572 1587 2639 Athe-

357 2704 413 2759 nes
442 2705 513 2769 pag.
544 2690 625 2765 48ος
652 2684 690 2753 cf.
721 2685 802 2751 Mus.
832 2685 932 2751 Rhen.
960 2686 1037 2752 XIX
1070 2705 1143 2769 pag.
1167 2689 1243 2762 269)
1274 2684 1432 2766 excipiunt
1464 2703 1499 2750 se
1531 2683 1588 2769 ἅρ-

352 2800 462 2886 χ[ων],
486 2795 670 2883 στρατηγός,
694 2796 796 2884 κήρυξ
809 2799 865 2883 τής
887 2794 938 2875 &ff
954 2791 1070 2882 Ἆρείου
1094 2797 1195 2878 πάγου
1217 2796 1359 2884 stendit}
1382 2794 1588 2878 1111811188ρυί

364 2906 605 2995 νίᾱε1υτνήρυξ
625 2906 846 2994 ἅρχοντος(λ);
868 2908 978 2974 eodem
1000 2908 1091 2975 modo
1114 2907 1273 2991 excipiunt
1294 2925 1329 2973 se
1350 2907 1451 2995 κήροὲ
1472 2910 1529 2993 τῆς
1550 2904 1590 2978 ἐξ

354 3013 473 3103 Ἀρείου
496 3019 597 3100 πάγου
618 3017 739 3105 βουλῆς
761 3023 794 3083 et
813 3017 914 3105 κήρυξ
934 3017 1087 3106 ἄρχοντος
1107 3018 1171 3096 (vel
1193 3017 1330 3108 άργοντκ)
1352 3017 1384 3081 in
1408 3015 1442 3082 C.
1464 3017 1490 3081 Ι.
1517 3019 1613 3083 181.’

358 3129 441 3194 Vero
463 3129 541 3194 salis
563 3125 766 3195 honorificum
787 3126 885 3195 fuisse
904 3130 1067 3210 praeconis
1081 3148 1195 3194 munus
1209 3128 1283 3194 inde
1297 3128 1486 3211 perspicitur
1501 3129 1586 3211 quod

357 3238 473 3322 passim
496 3239 585 3317 iuxta
606 3239 787 3307 archonlem
810 3243 843 3305 et·
865 3243 1039 3321 strategum
1061 3238 1094 3304 in
1116 3240 1279 3305 titulorum
1295 3239 1495 3319 praescriptis
1510 3240 1589 3306 scri·

218 3424 220 3430 ,
357 3351 443 3417 bitur
465 3350 506 3415 ad
528 3354 653 3431 tempus
675 3348 900 3430 deliniendum,
929 3348 1028 3414 veluti
1054 3350 1086 3415 in
1116 3348 1179 3416 dcl.
1204 3350 1258 3426 IV,
1282 3354 1353 3426 332,
1379 3355 1393 3414 1
1424 3349 1485 3433 (ἐπὶ
1508 3350 1587 3437 θρα·

358 3461 470 3525 σύλλου
492 3460 659 3550 ἄρχοντος,
686 3459 909 3548 κηρυκεύοντος
933 3459 1120 3543 θεογένους,
1143 3463 1394 3549 στρατηγοῦντος
1415 3461 1463 3525 ἐπὶ
1479 3485 1504 3525 τ.
1520 3461 1587 3525 ύπλ.

359 3571 470 3637 Νουίου
492 3573 579 3656 κτλ),
602 3571 637 3638 C.
657 3573 682 3639 Ι.
702 3576 765 3638 485
787 3572 808 3649 ί.
832 3619 840 3635 .
865 3617 874 3634 .
898 3625 904 3638 .
928 3619 936 3635 .
959 3570 1096 3660 άνέύηκε
1118 3566 1295 3661 στρατηγοῦ
1312 3568 1508 3657 Ἄλκκὸάρου,
1537 3573 1588 3660 κή

355 3705 453 3769 ρυκος
472 3683 595 3772 βουλής
608 3683 758 3770 Χρύσου).
781 3719 823 3734 ··-
846 3683 881 3750 C.
900 3685 925 3750 I.
951 3690 1023 3751 353.
1046 3719 1088 3732 -·
1111 3684 1280 3750 Praeterea
1296 3682 1458 3772 θεογένης,
1480 3683 1590 3766 quiin

227 3802 230 3807 ’
359 3794 424 3861 dcl.
447 3797 502 3872 IV,
526 3800 629 3876 33251
655 3799 705 3862 est
726 3795 835 3883 κήρυξ,
857 3794 940 3861 idem
962 3796 995 3859 in
1017 3790 1053 3860 Ὀ.
1075 3796 1100 3860 Ι.
1123 3799 1186 3860 480
1209 3798 1258 3860 est
1279 3794 1455 3881 στρατηγὸς
1476 3793 1525 3857 ἐπὶ
1551 3794 1590 3861 τὰ

358 3905 448 3983 ύπλα,
470 3906 502 3971 in
519 3906 553 3971 C.
577 3905 602 3970 Ι.
628 3909 686 3972 361
712 3910 818 3971 autem
833 3910 882 3971 est
903 3904 1088 3995 ἐπιμελητής
1110 3911 1166 3992 τῆς
1187 3905 1319 3976 πόλεως.
1354 3906 1434 3971 Item
1456 3905 1488 3970 in
1511 3903 1546 3973 O.
1564 3905 1589 3970 Ι.

358 4022 421 4084 396
435 4015 590 4100 Σαβείνος
613 4017 739 4097 quidam
754 4016 869 4083 dicitur
891 4017 1088 4106 κηρυκεύσας
1101 4020 1149 4081 καί
1166 4019 1386 4106 στρατηγήσας
1401 4015 1458 4081 ἐπὶ.
1476 4039 1500 4079 τ.
1519 4017 1587 4079 ύπλ.

358 4127 414 4198 οἷς.
459 4128 591 4196 Accedit
611 4129 696 4217 quod
721 4128 904 4211 amplissimi
930 4129 1072 4195 homines
1101 4130 1217 4211 passim
1247 4128 1470 4212 praedicantur
1497 4127 1589 4215 κήρυ-

359 4261 412 4310 κες
433 4243 490 4328 τής
511 4238 548 4312 ἐξ
564 4235 687 4325 Ἀρείου
702 4240 803 4322 πάγου
824 4240 955 4327 βουλῆς,
979 4241 1076 4308 veluti
1098 4242 1183 4323 apud
1205 4243 1294 4308 RoSS.
1318 4240 1357 4307 de
1380 4240 1460 4307 dem,
1482 4244 1590 4305 11875

357 4351 571 4427 Ptolemaeus,
598 4356 689 4434 pater
710 4351 894 4418 nobilissimi
916 4353 1001 4418 illius
1023 4353 1174 4419 Herennii
1195 4352 1345 4436 Derippi3
1374 4351 1425 4418 hie
1446 4352 1513 4433 ipse
1535 4370 1593 4417 au·

358 4469 421 4529 tem
444 4462 477 4528 in
499 4450 583 4529 dl.
608 4467 680 4528 397.
704 4463 805 4528 -Iu
828 4461 894 4528 Φιλ.
917 4464 977 4544 ΙΙΙ,
1000 4469 1072 4544 444,
1098 4470 1113 4528 1
1145 4464 1261 4529 archon
1290 4462 1399 4529 Aelius
1429 4461 1523 4529 Gelos
1549 4463 1593 4528 si-

358 4574 425 4639 mul
439 4573 641 4657 praedicatur
655 4573 850 4665 κηρυκεύσας
867 4579 923 4664 τής
938 4573 976 4648 ἐξ
984 4570 1101 4665 Ἀρείου
1117 4575 1217 4658 πάγου
1230 4573 1360 4663 βουλής.
1382 4574 1419 4639 111
1434 4572 1469 4639 (λ.
1486 4574 1510 4638 Ι.
1529 4579 1594 4641 353
