3490 5296
661 379 895 494 *aa*

250 598 1324 714 Mamrmmmmmmuc„hummu
1439 652 1443 655 -

167 730 298 797 fortasse
320 733 352 797 in
374 733 477 813 lapide
499 738 644 817 superest
873 735 910 805 lt
927 732 1004 811 ,Θ.
1028 792 1036 811 .
1059 792 1067 811 .
1089 720 1193 809 ᾹΤΗ
1202 738 1241 827 (ἰ,
1264 748 1345 812 quae

166 844 292 910 litterae
306 846 412 911 nescio
428 864 467 911 an
483 847 635 929 reliquiae
646 847 709 911 sint
720 845 852 912 nominis
874 850 910 921 ll
923 851 932 924 l
943 846 975 916 Θ
986 833 1190 924 ΡΙΔΑΤΗ
1201 847 1244 944 (;
1267 845 1294 910 is
1310 843 1390 908 euim

165 955 279 1021 archon
301 960 453 1039 conparet
464 957 496 1021 in
513 956 547 1022 d.
563 957 587 1022 1.
605 961 667 1022 264
681 958 837 1040 idemque,
859 975 980 1038 censeo,
1002 957 1034 1022 in
1049 956 1180 1038 Ephem.
1196 955 1280 1022 arch.
1297 957 1390 1034 3860,

163 1065 216 1131 ubi
238 1065 284 1132 sic
305 1066 536 1133 restituendum
558 1074 607 1134 est
875 1159 878 1162 q

673 1180 691 1241 l
713 1178 830 1268 italo<

561 1336 570 1353 .
593 1335 601 1353 .
625 1335 633 1352 .
656 1335 664 1352 .
683 1286 830 1380 Ἀντίοχον
854 1289 916 1370 [ἐπὶ

561 1399 728 1490 &plaudes
748 1397 943 1487 Μιθριδάτου

591 1511 721 1601 ἀρ]ετῆς
743 1511 834 1577 ἕνεκα
855 1514 903 1577 καὶ

566 1620 772 1712 εύ]νοιύις[τῆς
794 1623 838 1694 εἷς
860 1623 980 1689 ἑαυτύν.

243 1733 289 1798 Ut
310 1753 349 1800 ex
370 1733 480 1799 habitu
503 1734 636 1816 catalogi
658 1734 849 1816 epheborum
873 1735 907 1801 O.
924 1735 948 1803 Ι.
973 1739 1035 1800 264
1057 1733 1179 1818 colligo,
1201 1733 1284 1801 circa
1304 1734 1385 1799 hanc

159 1843 224 1909 fere
246 1848 383 1910 aetatem
405 1845 605 1911 Mithridates
628 1846 745 1912 archon
768 1846 864 1912 fuerit
886 1851 1020 1930 oportet.
1064 1845 1127 1912 Sed
1150 1847 1189 1912 de
1215 1863 1297 1911 anno
1324 1863 1387 1910 non
1482 1861 1487 1869 ·

160 1959 292 2037 constat,
314 1972 415 2037 neque
437 1956 516 2022 satis
537 1956 641 2024 indicii
664 1957 816 2040 praebent
836 1958 931 2024 huius
953 1956 1064 2024 indicis
1085 1955 1245 2037 reliquiae.
1283 1955 1387 2036 Quare

159 2086 224 2132 rem
246 2067 389 2152 relinquo
410 2069 444 2135 in
465 2069 577 2136 medio.
709 2114 715 2121 -

243 2178 300 2242 Ad
320 2203 350 2246 υ.
374 2181 425 2246 35.
470 2179 681 2266 Διόδωρος.
703 2216 748 2229 --
767 2179 860 2262 Apud
882 2177 984 2248 Beuld
1004 2179 1026 2245 l.
1048 2179 1068 2244 l.
1095 2198 1125 2260 p.
1150 2183 1221 2244 216.

242 2287 300 2353 Ad
312 2313 342 2358 ο.
356 2292 408 2359 36.
436 2289 682 2378 Λύσανδρος.
697 2327 740 2340 -
754 2291 813 2371 Ap.
825 2288 933 2358 Beule.
949 2308 981 2373 p.
995 2294 1066 2367 214,
1083 2293 1154 2366 326,
1171 2293 1243 2366 329,
1259 2293 1331 2356 331.

242 2397 300 2463 Ad
319 2423 349 2465 ο.
375 2403 425 2465 37.
461 2400 672 2490 Λυσιάδᾳς.
709 2402 835 2467 Archon
850 2401 1000 2485 Lysiades
1023 2402 1158 2468 occurrit
1179 2400 1274 2467 etiam
1289 2400 1321 2466 in
1336 2400 1385 2466 tit.

156 2510 279 2578 Philist.
303 2513 362 2592 III,
385 2516 458 2595 282,
482 2518 500 2578 2
524 2514 579 2595 (ε
593 2513 725 2597 Ephem.
748 2513 833 2580 arch.
856 2535 926 2598 περ.
949 2514 986 2580 Β.
1009 2531 1039 2578 n.
1057 2513 1142 2597 200),
1165 2512 1221 2579 sed
1243 2513 1385 2579 diversus

155 2622 195 2686 ab
217 2621 292 2703 hoo,
324 2622 480 2704 posterior
501 2623 628 2690 scilicet.
672 2624 777 2689 Eiam
800 2624 884 2706 apud
907 2623 1152 2689 Lenorrnantum
1174 2622 1314 2706 inscript.
1337 2643 1383 2706 gr.

157 2731 238 2797 ined.
261 2737 383 2799 centur.
408 2733 453 2800 IV
473 2733 506 2798 in
529 2734 610 2800 Mus.
633 2735 732 2801 Rhen.
755 2735 832 2801 XXI
853 2753 924 2817 pag.
943 2739 1005 2800 510
1026 2752 1094 2818 sqq.
1117 2754 1167 2800 no.
1192 2739 1250 2801 301
1276 2734 1385 2801 obvius

155 2847 204 2909 est
225 2844 343 2910 archon
359 2844 524 2927 Lysiades3
547 2865 617 2911 eam
639 2846 882 2928 inscriptionem,
906 2864 976 2911 cum
997 2864 1081 2912 nunc
1103 2846 1227 2912 demum
1242 2846 1385 2912 innotue-

154 2955 196 3019 rit
218 2958 251 3020 et
274 2956 349 3037 quia
371 2943 413 3021 de
432 2975 469 3021 ea
492 2955 625 3036 docebo,
651 2956 702 3023 hic
731 2955 911 3022 adscribere
939 2955 1048 3021 liceat:
1079 2954 1166 3038 ulad.
1187 2954 1302 3021 Κλούδ.
1325 2954 1384 3018 Ao·

155 3062 268 3152 σιύδᾳν
284 3064 416 3128 Μελιτέα
439 3063 606 3136 Σώσπιδος
628 3065 787 3155 δᾳδούχου
811 3066 886 3143 otoo,
906 3064 1064 3129 Λυοιύδου
1087 3064 1245 3155 δᾳδούχου
1263 3064 1383 3142 υἱιυνύν,

155 3173 316 3239 Λεωνίδου
350 3175 508 3264 δᾳδούχου
544 3174 685 3260 ἔκγονον,
727 3176 866 3263 ἄρξαντα
906 3178 960 3266 τὴν
997 3174 1160 3261 ἐπώνυμον
1200 3176 1300 3265 ἀρχὴν
1338 3178 1387 3240 καὶ

154 3288 492 3375 ποινᾳχυριυρχῆσοντα
520 3286 666 3373 Τιβέριος
685 3286 839 3359 Κλαύδιος
859 3286 1083 3376 Δημόστρατος
1108 3288 1156 3350 καὶ
1176 3287 1337 3375 Λεωνίδης
1358 3288 1387 3351 οἱ

153 3395 296 3483 ἀδελφοί,
320 3397 542 3487 ψηφισαμένης
564 3403 621 3486 τῆς
643 3398 791 3470 addemur
826 3400 932 3483 Atque
946 3401 973 3465 is
988 3398 1149 3482 Lysiades,
1170 3398 1203 3464 id
1218 3399 1301 3482 quod
1317 3399 1384 3464 sine

154 3507 219 3574 ulla
245 3507 443 3574 dubitatione
465 3509 692 3592 contenderim,
719 3509 803 3575 idem
824 3516 874 3576 est
895 3530 931 3577 ac
953 3510 1007 3591 qui
1027 3510 1186 3575 invenitur
1208 3509 1240 3574 in
1261 3507 1383 3575 Philist.

154 3619 212 3701 III,
237 3624 310 3700 282,
342 3624 370 3685 2.
418 3621 561 3701 Denique
589 3621 622 3686 in
650 3621 742 3686 titulo
771 3619 902 3702 Ephem.
933 3620 1017 3687 arch.
1044 3624 1102 3684 521
1133 3624 1384 3686 conmemoratur

154 3730 283 3813 quidam
316 3729 380 3814 Τιβ.
409 3729 462 3796 Κλ.
492 3730 653 3820 Λυσιάδᾳς
678 3731 828 3802 Μελιτεὺς
854 3731 1089 3820 Δημοστράτου.
1134 3729 1202 3795 Iam
1231 3750 1269 3797 ex
1297 3730 1384 3796 hisce

153 3842 254 3907 titulis
277 3840 411 3907 efficitur
432 3842 490 3909 hoc
512 3847 657 3908 stemma:
