3490 5296
592 413 913 474 ---171-·-Δ

28 586 29 661 J
88 600 180 670 1550.
200 599 555 665 305533555555515.

28 680 29 707 ³
89 705 114 755 p·
132 686 177 742 53-
201 687 235 740 18
252 681 326 735 εἲπον
345 699 371 748 p.
389 680 475 732 εἷπον.

28 768 29 815 3
115 798 149 808 -
178 773 215 825 21
235 766 354 833 515555.
372 767 457 818 εἶπεν.

30 860 31 925 g
90 875 116 924 p.
135 857 171 910 57
192 856 223 906 15
239 855 296 909 flue.
317 856 476 921 suspiciones
496 870 526 918 p.
549 852 710 920 suspitiones.

30 930 32 987 ἶ
92 960 116 1008 p.
137 941 223 997 5851:
239 940 296 992 line.
334 941 451 992 Paenitet
468 958 509 992 me
526 941 594 1007 quod
617 940 719 1007 scripsi:
747 939 951 992 »Schoemannus
976 941 1031 1007 (Gr.
1051 939 1167 1006 antiqu
1190 956 1247 1006 pag.
1265 938 1329 1005 508)

199 1045 218 1077 5
234 1027 346 1092 Diogene
365 1026 483 1076 statuario
501 1033 527 1077 et
544 1025 681 1077 architecto
700 1025 748 1077 illc
763 1026 806 1093 qui
824 1026 933 1092 Augusti
956 1033 1070 1093 tempore
1092 1024 1154 1077 vixit
1169 1023 1327 1091 Diogeneion

201 1112 327 1163 conditum
345 1129 402 1162 esse
423 1111 502 1165 vult«
537 1111 643 1163 Secutus
667 1128 724 1163 sum
741 1111 974 1179 Dittenbergerum,
999 1128 1073 1178 quem
1098 1127 1197 1162 555555
1219 1116 1328 1176 oportet.

202 1197 392 1250 Schcemannus
411 1197 525 1264 5511511,
544 1198 675 1265 555523,
697 1215 749 1249 non
767 1216 823 1266 pag.
841 1199 903 1264 508)
921 1199 983 1249 51511
1002 1198 1077 1259 dicit,
1101 1198 1165 1248 nisi:
1191 1195 1255 1250 5555
1282 1211 1325 1245 55-

203 1289 330 1349 genannte
347 1282 515 1349 Diogenische
533 1284 736 1349 (Gymnasium),
759 1284 887 1335 vielleicht
903 1284 966 1335 nach
986 1285 1080 1336 selueru
1098 1281 1185 1334 Stiiter
1205 1284 1328 1340 benannt,

200 1370 263 1420 iiber
287 1368 336 1419 den
358 1369 402 1420 uir
424 1370 483 1420 aber
506 1368 588 1421 nichts
611 1369 756 1436 angegeben
779 1369 892 1420 finden«
930 1370 1005 1433 Quod
1028 1387 1070 1421 me
1085 1383 1152 1420 5555
1170 1366 1270 1419 demum
1289 1365 1328 1416 le·

97 1466 104 1477 ⁸
201 1453 269 1520 gisse
288 1453 370 1524 (15155.

206 1538 321 1589 Ceterum
339 1538 398 1588 data
414 1538 461 1591 555
478 1538 613 1589 occasione
639 1539 731 1590 adnoto
755 1539 813 1591 11155
835 1541 922 1591 titulos
946 1540 971 1590 15
990 1540 1080 1606 quibus
1103 1537 1195 1590 mentio
1219 1534 1328 1588 1111115-

203 1624 275 1690 genis
299 1623 369 1674 illius
392 1641 406 1673 a
431 1640 480 1690 quo
503 1623 708 1690 Dittenbergerus
731 1624 795 1676 illud
817 1626 976 1694 gymnasium
1000 1625 1127 1677 conditum
1149 1640 1205 1674 esse
1235 1628 1328 1684 censet,

204 1709 250 1759 ecl.
269 1709 315 1761 titt.
339 1711 366 1758 in
384 1709 519 1760 Philistore
542 1708 562 1774 Ι,
584 1717 643 1776 post
666 1728 723 1777 pag.
740 1712 783 1772 56,
810 1714 830 1765 l.
851 1713 875 1764 2.
893 1712 918 1772 3,
942 1729 958 1762 5
976 1711 1149 1763 Schoemanno
1173 1724 1273 1776 quoque
1296 1707 1330 1758 acl

208 1794 316 1861 primum
340 1811 362 1844 a.
389 1793 446 1844 chr.
470 1795 598 1847 saeculum
626 1796 720 1849 reterri.
760 1796 809 1864 (01.
834 1798 920 1849 Graec.
945 1797 1028 1863 Antiq.
1046 1798 1071 1849 ll
1095 1814 1152 1864 pag.
1169 1794 1220 1852 513
1243 1793 1329 1847 nobb

202 1887 228 1929 et
251 1879 499 1945 pagatismae
524 1897 581 1947 pag.
602 1881 670 1946 147).

98 1980 123 2029 p.
142 1964 184 2018 63.
203 1981 222 2013 5
248 1964 271 2018 5.
291 1982 327 2015 rs.
347 1966 370 2018 2.
390 1966 444 2030 reiro
461 1982 487 2029 p.
507 1980 571 2016 των.

29 2108 30 2115 ¹
99 2064 123 2113 p·
140 2050 182 2103 64.
202 2049 237 2102 32
252 2055 310 2112 post
328 2049 469 2100 observavit
487 2065 582 2100 commo
599 2049 717 2102 55555555
733 2058 777 2106 oct.

99 2149 123 2199 p.
141 2135 183 2188 66.
205 2135 220 2186 9
242 2127 301 2184 ΤΗ*
319 2134 358 2184 τῶ
372 2129 499 2202 Ἡρακλεῖ
513 2141 559 2186 eto.

30 2266 31 2269 ,
100 2235 124 2284 p.
142 2219 185 2274 68.
207 2214 408 2288 1914115515155
424 2238 452 2285 p.
468 2216 618 2289 11855155.

101 2323 130 2372 p·
144 2308 187 2362 74.
207 2313 258 2358 not.
277 2309 301 2361 2.
319 2307 433 2357 tribubus
448 2323 476 2370 p.
494 2307 559 2358 tribu
577 2309 634 2360 555.

103 2407 125 2456 p.
145 2392 179 2445 76
199 2390 232 2442 55
249 2408 286 2442 vs.
304 2392 345 2446 62.
363 2388 506 2442 Boeckhius
524 2391 609 2442 scribit
625 2386 718 2457 Λάϊος,
736 2392 782 2444 555
799 2410 885 2444 versus
904 2411 954 2444 non
972 2393 1068 2460 integer
1085 2399 1110 2444 et
1126 2410 1218 2445 nomen
1235 2392 1332 2444 ridetur

35 2464 36 2469 ¹
205 2494 262 2528 esse
279 2483 428 2528 truncatum.
1265 2472 1268 2475 ’

35 2552 37 2585 ³
103 2576 128 2625 p.
146 2562 181 2615 76
200 2560 234 2612 55
251 2579 286 2612 vs.
306 2563 347 2616 66.
364 2561 508 2613 Boeelrhius
525 2557 817 2622 5511Ἕ155Ἕ15τ5ς.
852 2563 904 2616 sed
921 2582 1006 2616 versus
1025 2565 1108 2615 155555
1127 2570 1174 2626 est,
1192 2579 1274 2630 neque
1291 2562 1335 2614 ini

36 2632 37 2643 ¹
206 2653 303 2713 tegrum
321 2664 412 2698 nomen
431 2647 551 2699 contineri
568 2647 666 2699 ridetur
683 2648 772 2699 litteris
791 2667 856 2716 quae
873 2658 975 2702 restent.

35 2750 36 2755 ¹
103 2745 126 2794 p.
146 2731 188 2784 84.
209 2732 251 2787 85.
281 2733 355 2796 Quod
373 2733 462 2799 scripsi
479 2734 529 2784 555
547 2741 643 2786 tantum
662 2735 833 2801 catalogorum
852 2736 1029 2802 ephebicorum
1047 2753 1141 2802 genera
1157 2732 1330 2784 suisseminus
1399 2718 1401 2723 ¹

207 2825 273 2869 recte
291 2836 319 2870 se
341 2819 433 2871 habere
457 2836 524 2870 5555
547 2820 648 2886 quidem
670 2821 732 2871 mihi
755 2822 861 2873 ridetur.
898 2824 996 2874 Censeo
1018 2839 1084 2873 nunc
1105 2822 1206 2872 tertium
1229 2835 1331 2886 quoque

207 2921 287 2972 genus
306 2906 465 2957 statuendum
484 2923 548 2968 esse,
567 2923 659 2973 nempe
676 2923 761 2957 eorum
780 2908 950 2975 catalogorum
968 2908 1011 2974 qui
1029 2907 1108 2974 ipsius
1124 2913 1248 2958 cosmetae
1260 2905 1330 2955 15555

207 2998 233 3041 et
250 2992 391 3058 sumptibus
410 2993 515 3042 confecti
533 2991 653 3059 inipso
671 2994 838 3059 gymnasio
857 2993 1049 3044 collocabantur.
1086 2992 1138 3044 Sed
1156 3000 1209 3042 tum
1231 2992 1332 3042 demum

207 3094 223 3127 5
242 3085 353 3128 cosmeta
370 3077 418 3128 hoc
435 3076 527 3128 factum
545 3094 602 3129 5555
619 3085 681 3145 puto
699 3095 756 3128 curn
773 3079 864 3144 ephebi
883 3078 931 3144 ipsi
950 3085 1039 3144 sponte
1056 3078 1108 3129 suls
1127 3077 1238 3144 inpensis
1260 3083 1331 3127 cata-

207 3160 292 3229 logum
314 3163 495 3215 eouficicndum
518 3180 568 3214 uon
592 3172 742 3216 curaverant.
778 3164 835 3214 Hoc
857 3181 887 3214 ex
910 3181 1002 3231 genere
1026 3162 1125 3214 videtur
1148 3181 1204 3215 5555
1227 3163 1265 3217 tit.
1289 3162 1333 3229 qui

207 3256 245 3300 est
262 3249 288 3300 15
305 3249 441 3299 Philistore
459 3249 504 3309 IV,
522 3251 581 3310 272,
600 3250 625 3311 3,
644 3249 676 3300 55
694 3266 744 3315 quo
762 3250 788 3299 in
806 3257 937 3301 comment.
957 3249 1005 3299 XV
1024 3249 1140 3300 disserui.

105 3345 129 3394 P·
148 3331 190 3386 86.
208 3334 223 3386 6
241 3334 328 3400 Ipsum
342 3349 371 3397 p.
391 3333 481 3400 ipsum.

105 3429 129 3479 p·
147 3416 190 3472 89.
211 3421 249 3474 15.
284 3403 338 3468 Pro
357 3419 524 3485 praedicatum
542 3419 610 3485 15955
628 3419 789 3479 vocabulum
808 3419 914 3484 itemque
931 3436 988 3487 pag.
1007 3422 1047 3475 90.
1069 3421 1107 3474 10.

107 3513 129 3563 P·
148 3500 191 3557 89.
208 3503 242 3553 55
259 3521 295 3556 vs.
316 3506 355 3559 10.
392 3505 466 3567 Quod
484 3504 516 3554 55
533 3502 640 3572 μεγάλα
658 3498 797 3573 Σεβήρεια
816 3506 904 3556 attinet
927 3505 1053 3556 adsentior
1070 3503 1260 3571 Dittenbergero
1278 3503 1296 3556 1.
1314 3503 1332 3556 l.

208 3606 265 3657 pag.
284 3590 326 3644 73.
354 3592 378 3644 6.
403 3589 508 3651 dicenti,
537 3591 658 3641 »fortasse
681 3591 795 3641 similiter
818 3598 892 3657 atque
917 3592 943 3641 in
970 3588 1152 3656 antiquioribus
1180 3589 1330 3656 quibusdam

204 3676 281 3727 sacris
299 3676 392 3727 indicat
409 3692 507 3741 semper
525 3683 591 3727 certo
609 3674 717 3742 quodam
735 3692 857 3726 annorum
874 3693 978 3727 numero
996 3676 1124 3727 interiecto
1137 3676 1230 3726 maiore
1243 3675 1331 3741 splen·

206 3764 266 3814 dore
284 3762 346 3813 baec
364 3779 434 3813 sacra
451 3762 575 3813 celebrata
593 3778 677 3814 essen<

105 3861 128 3910 1)·
147 3847 189 3902 90.
207 3849 238 3899 55
252 3866 288 3900 rs.
301 3848 332 3902 13
346 3847 415 3912 15955
428 3847 593 3899 restituimus:
609 3844 849 3916 ἐγυμνασιαρχήθη
860 3844 900 3904 εἰς
910 3844 955 3896 τὸν
966 3844 1135 3915 ἑνδεήσαντα
1145 3846 1201 3913 (551.
1207 3844 1332 3916 χρόνον),

106 3934 189 3996 1590.
207 3936 239 3986 55
256 3952 292 3986 rs.
315 3936 345 3988 16
363 3929 453 4002 κῆρυξ
465 3950 493 3997 p.
512 3931 607 4000 κῆρυξ.
936 3944 941 3959 ¹

105 4034 128 4083 p.
147 4021 188 4076 93.
206 4023 238 4073 55
255 4039 292 4074 rs.
310 4023 325 4075 9
343 4021 413 4086 leque
430 4022 536 4071 fortasse
553 4028 637 4072 autem
654 4020 680 4071 in
698 4018 783 4086 lapide
801 4028 916 4086 superest
934 4022 1012 4100 tufi,
1031 4020 1047 4070 1.
1065 4037 1087 4072 e.
1110 4023 1175 4083 ΗΙΕ
1193 4029 1241 4073 ete.

106 4119 130 4169 p.
147 4107 187 4162 95.
205 4110 239 4164 34
257 4105 366 4176 ἀτελείᾳ
381 4124 409 4171 p.
426 4105 544 4176 ἀτελειᾳ.

106 4205 130 4252 Ρ.
148 4193 188 4246 96.
209 4194 267 4245 Nou
284 4194 373 4261 ignoro
397 4195 447 4245 iam
463 4193 616 4245 Bursieuum
640 4195 723 4260 egisse
746 4195 777 4246 de
800 4195 837 4246 tib
856 4195 962 4262 Ephem.
986 4194 1052 4246 arch.
1077 4211 1102 4245 5.
1123 4193 1189 4250 2235
1213 4193 1240 4243 15
1261 4192 1331 4244 l>Be-

204 4281 689 4348 515515555Κς155555.(15551555.
715 4283 739 4333 5.
758 4281 913 4333 Wissensch.
934 4282 1001 4336 1860
1023 4273 1145 4347 52255(
1183 4279 1234 4330 sed
1258 4278 1334 4330 55155

204 4365 263 4417 libri
281 4366 430 4433 inspiciendi
447 4367 581 4418 55515555
598 4368 660 4418 mihi
679 4377 717 4418 est
735 4370 813 4435 copia.
842 4367 911 4435 Lego
930 4376 1013 4418 autem
1031 4385 1067 4419 vs.
1089 4370 1102 4421 l
1122 4383 1180 4416 eum
1198 4363 1333 4430 conplesse

42 4492 44 4517 a
204 4446 232 4501 K
235 4449 259 4501 1.
276 4448 428 4519 Ἀρριανοῦι
448 4453 530 4503 miuus
548 4460 622 4504 recte.

108 4546 132 4595 P·
150 4535 189 4591 98.
207 4555 243 4589 rs.
262 4538 304 4592 43.
337 4533 452 4604 Ὑγεῖνος
469 4534 674 4606 Πιστοκράτους
697 4533 886 4606 Μαραθώνιος.
921 4536 1003 4587 115155
1028 4536 1119 4603 ephebi
1142 4542 1215 4601 pater
1236 4533 1333 4586 ridetur

42 4610 43 4613 ¹
205 4640 262 4675 esse
280 4617 470 4691 Πιστοκράτης
484 4619 613 4691 <1151555,
637 4622 681 4689 qui
699 4624 725 4674 in
741 4624 779 4673 tit.
799 4623 827 4673 0.
846 4623 866 4672 Ι.
888 4623 936 4676 195
954 4638 990 4671 rs.
1011 4623 1041 4675 17
1066 4621 1131 4672 inter
1149 4629 1267 4688 prytanea
1290 4634 1330 4669 re·
