<?xml version="1.0" encoding="UTF-8"?>
<!DOCTYPE html PUBLIC "-//W3C//DTD XHTML 1.0 Transitional//EN"
    "http://www.w3.org/TR/xhtml1/DTD/xhtml1-transitional.dtd">
<html xmlns="http://www.w3.org/1999/xhtml" xml:lang="en" lang="en">
 <head>
  <title>
</title>
<meta http-equiv="Content-Type" content="text/html;charset=utf-8" />
  <meta name='ocr-system' content='tesseract 3.04.00' />
  <meta name='ocr-capabilities' content='ocr_page ocr_carea ocr_par ocr_line ocrx_word'/>
</head>
<body>
  <div class='ocr_page' id='page_1' title='image "./commentationese01neubgoog_0124.png"; bbox 0 0 3490 5296; ppageno 0'>
   <div class='ocr_carea' id='block_1_1' title="bbox 646 406 888 474">
    <p class='ocr_par' dir='ltr' id='par_1_1' title="bbox 646 406 888 474">
     <span class='ocr_line' id='line_1_1' title="bbox 646 406 888 474; baseline -0.008 0"><span class='ocrx_word' id='word_1_1' title='bbox 646 406 888 474; x_wconf 62' lang='lat'>-113‘-</span> 
     </span>
    </p>
   </div>
   <div class='ocr_carea' id='block_1_2' title="bbox 99 584 1391 3336">
    <p class='ocr_par' dir='ltr' id='par_1_2' title="bbox 99 584 1391 3336">
     <span class='ocr_line' id='line_1_2' title="bbox 246 584 1381 674; baseline 0.003 -21"><span class='ocrx_word' id='word_1_2' title='bbox 246 589 298 654; x_wconf 86' lang='lat' dir='ltr'>Vs.</span> <span class='ocrx_word' id='word_1_3' title='bbox 323 593 361 660; x_wconf 72' lang='lat'>9..</span> <span class='ocrx_word' id='word_1_4' title='bbox 392 584 456 654; x_wconf 75' lang='lat' dir='ltr'>&#39;Eri</span> <span class='ocrx_word' id='word_1_5' title='bbox 477 590 590 660; x_wconf 90' lang='grc' dir='ltr'><em>Σύλλα.</em></span> <span class='ocrx_word' id='word_1_6' title='bbox 633 593 810 660; x_wconf 87' lang='lat' dir='ltr'>Boeckhius</span> <span class='ocrx_word' id='word_1_7' title='bbox 833 594 882 658; x_wconf 90' lang='lat' dir='ltr'>ad.</span> <span class='ocrx_word' id='word_1_8' title='bbox 904 592 934 657; x_wconf 94' lang='lat' dir='ltr'>h.</span> <span class='ocrx_word' id='word_1_9' title='bbox 956 591 1020 658; x_wconf 86' lang='lat' dir='ltr'>tit:</span> <span class='ocrx_word' id='word_1_10' title='bbox 1050 587 1128 654; x_wconf 75' lang='grc' dir='ltr'>»Ἐπὶ</span> <span class='ocrx_word' id='word_1_11' title='bbox 1150 589 1253 655; x_wconf 85' lang='grc' dir='ltr'><em>Σύλλα</em></span> <span class='ocrx_word' id='word_1_12' title='bbox 1280 591 1381 674; x_wconf 88' lang='lat' dir='ltr'>possis</span> 
     </span>
     <span class='ocr_line' id='line_1_3' title="bbox 155 700 1383 792; baseline 0.002 -26"><span class='ocrx_word' id='word_1_13' title='bbox 155 700 195 766; x_wconf 84' lang='lat' dir='ltr'>ad</span> <span class='ocrx_word' id='word_1_14' title='bbox 217 705 337 790; x_wconf 72' lang='grc' dir='ltr'><em>σωτῆρι</em></span> <span class='ocrx_word' id='word_1_15' title='bbox 359 706 421 766; x_wconf 82' lang='grc' dir='ltr'>τῶν</span> <span class='ocrx_word' id='word_1_16' title='bbox 444 702 578 792; x_wconf 81' lang='grc' dir='ltr'><em>ἐφήβων</em></span> <span class='ocrx_word' id='word_1_17' title='bbox 601 705 734 772; x_wconf 87' lang='lat' dir='ltr'>referre:</span> <span class='ocrx_word' id='word_1_18' title='bbox 758 704 797 771; x_wconf 95' lang='lat' dir='ltr'>de</span> <span class='ocrx_word' id='word_1_19' title='bbox 820 704 970 771; x_wconf 83' lang='lat' dir='ltr'>archonte</span> <span class='ocrx_word' id='word_1_20' title='bbox 992 702 1116 786; x_wconf 88' lang='lat' dir='ltr'>quidem</span> <span class='ocrx_word' id='word_1_21' title='bbox 1133 703 1201 769; x_wconf 89' lang='lat' dir='ltr'>eius</span> <span class='ocrx_word' id='word_1_22' title='bbox 1216 703 1300 784; x_wconf 87' lang='lat' dir='ltr'>anni,</span> <span class='ocrx_word' id='word_1_23' title='bbox 1321 720 1383 784; x_wconf 93' lang='lat' dir='ltr'>quo</span> 
     </span>
     <span class='ocr_line' id='line_1_4' title="bbox 155 814 1383 900; baseline 0.002 -23"><span class='ocrx_word' id='word_1_24' title='bbox 155 816 262 879; x_wconf 88' lang='lat' dir='ltr'>cetera</span> <span class='ocrx_word' id='word_1_25' title='bbox 282 814 443 900; x_wconf 81' lang='lat' dir='ltr'>inscriptio</span> <span class='ocrx_word' id='word_1_26' title='bbox 465 817 569 898; x_wconf 92' lang='lat' dir='ltr'>posita</span> <span class='ocrx_word' id='word_1_27' title='bbox 591 821 649 896; x_wconf 75' lang='lat' dir='ltr'>est</span> <span class='ocrx_word' id='word_1_28' title='bbox 670 817 737 882; x_wconf 91' lang='lat' dir='ltr'>noli</span> <span class='ocrx_word' id='word_1_29' title='bbox 758 816 912 899; x_wconf 87' lang='lat' dir='ltr'>cogitare:</span> <span class='ocrx_word' id='word_1_30' title='bbox 934 815 961 880; x_wconf 91' lang='lat' dir='ltr'>is</span> <span class='ocrx_word' id='word_1_31' title='bbox 984 821 1069 881; x_wconf 89' lang='lat' dir='ltr'>certe</span> <span class='ocrx_word' id='word_1_32' title='bbox 1090 816 1171 881; x_wconf 85' lang='lat' dir='ltr'>atius</span> <span class='ocrx_word' id='word_1_33' title='bbox 1194 819 1259 896; x_wconf 90' lang='lat' dir='ltr'>est,</span> <span class='ocrx_word' id='word_1_34' title='bbox 1280 833 1326 880; x_wconf 97' lang='grc' dir='ltr'>νε.</span> <span class='ocrx_word' id='word_1_35' title='bbox 1343 820 1383 880; x_wconf 95' lang='grc'>23</span> 
     </span>
     <span class='ocr_line' id='line_1_5' title="bbox 154 923 1385 1010; baseline 0.001 -21"><span class='ocrx_word' id='word_1_36' title='bbox 154 923 322 993; x_wconf 85' lang='lat' dir='ltr'>iudicatus.</span> <span class='ocrx_word' id='word_1_37' title='bbox 366 928 458 992; x_wconf 91' lang='lat' dir='ltr'>Anne</span> <span class='ocrx_word' id='word_1_38' title='bbox 479 927 578 1010; x_wconf 89' lang='lat' dir='ltr'>igitur</span> <span class='ocrx_word' id='word_1_39' title='bbox 598 927 676 994; x_wconf 90' lang='lat' dir='ltr'>haec</span> <span class='ocrx_word' id='word_1_40' title='bbox 699 926 828 993; x_wconf 86' lang='lat' dir='ltr'>dextera</span> <span class='ocrx_word' id='word_1_41' title='bbox 850 927 994 993; x_wconf 87' lang='lat' dir='ltr'>columna</span> <span class='ocrx_word' id='word_1_42' title='bbox 1021 927 1229 1010; x_wconf 82' lang='lat' dir='ltr'>antiquiorem</span> <span class='ocrx_word' id='word_1_43' title='bbox 1258 927 1385 992; x_wconf 85' lang='lat' dir='ltr'>titutum</span> 
     </span>
     <span class='ocr_line' id='line_1_6' title="bbox 155 1036 1386 1120; baseline 0.002 -20"><span class='ocrx_word' id='word_1_44' title='bbox 155 1036 391 1119; x_wconf 89' lang='lat' dir='ltr'>comprehendit</span> <span class='ocrx_word' id='word_1_45' title='bbox 419 1038 487 1103; x_wconf 87' lang='lat' dir='ltr'>Iovi</span> <span class='ocrx_word' id='word_1_46' title='bbox 517 1038 677 1104; x_wconf 75' lang='lat' dir='ltr'>servatori</span> <span class='ocrx_word' id='word_1_47' title='bbox 707 1037 898 1120; x_wconf 83' lang='lat' dir='ltr'>epheborum</span> <span class='ocrx_word' id='word_1_48' title='bbox 929 1036 1082 1120; x_wconf 87' lang='lat' dir='ltr'>dicatum,</span> <span class='ocrx_word' id='word_1_49' title='bbox 1107 1038 1265 1104; x_wconf 70' lang='lat' dir='ltr'>‘servatori</span> <span class='ocrx_word' id='word_1_50' title='bbox 1293 1037 1386 1118; x_wconf 87' lang='lat' dir='ltr'>ephe-</span> 
     </span>
     <span class='ocr_line' id='line_1_7' title="bbox 154 1146 1387 1230; baseline 0.002 -20"><span class='ocrx_word' id='word_1_51' title='bbox 154 1146 268 1211; x_wconf 88' lang='lat' dir='ltr'>borum</span> <span class='ocrx_word' id='word_1_52' title='bbox 289 1146 468 1213; x_wconf 74' lang='lat' dir='ltr'>insultans</span> <span class='ocrx_word' id='word_1_53' title='bbox 491 1148 580 1214; x_wconf 88' lang='lat' dir='ltr'>clade</span> <span class='ocrx_word' id='word_1_54' title='bbox 595 1149 830 1215; x_wconf 73' lang='lat' dir='ltr'>Athenarumtr</span> <span class='ocrx_word' id='word_1_55' title='bbox 863 1147 933 1214; x_wconf 75' lang='lat' dir='ltr'>vSed</span> <span class='ocrx_word' id='word_1_56' title='bbox 955 1147 1036 1213; x_wconf 81' lang='lat' dir='ltr'>intra</span> <span class='ocrx_word' id='word_1_57' title='bbox 1057 1148 1124 1230; x_wconf 88' lang='lat' dir='ltr'>ipse</span> <span class='ocrx_word' id='word_1_58' title='bbox 1146 1149 1186 1215; x_wconf 88' lang='lat' dir='ltr'>ab</span> <span class='ocrx_word' id='word_1_59' title='bbox 1207 1148 1267 1215; x_wconf 92' lang='lat' dir='ltr'>hac</span> <span class='ocrx_word' id='word_1_60' title='bbox 1287 1147 1387 1230; x_wconf 92' lang='lat' dir='ltr'>suspi-</span> 
     </span>
     <span class='ocr_line' id='line_1_8' title="bbox 154 1256 1386 1342; baseline 0.002 -21"><span class='ocrx_word' id='word_1_61' title='bbox 154 1256 239 1322; x_wconf 88' lang='lat' dir='ltr'>tione</span> <span class='ocrx_word' id='word_1_62' title='bbox 262 1257 382 1324; x_wconf 84' lang='lat' dir='ltr'>recedit</span> <span class='ocrx_word' id='word_1_63' title='bbox 404 1264 437 1325; x_wconf 91' lang='lat' dir='ltr'>et</span> <span class='ocrx_word' id='word_1_64' title='bbox 458 1265 565 1326; x_wconf 91' lang='lat' dir='ltr'>censet</span> <span class='ocrx_word' id='word_1_65' title='bbox 583 1261 765 1327; x_wconf 89' lang='lat' dir='ltr'>archontem</span> <span class='ocrx_word' id='word_1_66' title='bbox 785 1260 853 1326; x_wconf 90' lang='lat' dir='ltr'>eius</span> <span class='ocrx_word' id='word_1_67' title='bbox 867 1260 941 1325; x_wconf 90' lang='lat' dir='ltr'>anni</span> <span class='ocrx_word' id='word_1_68' title='bbox 956 1257 1134 1340; x_wconf 87' lang='lat' dir='ltr'>significari,</span> <span class='ocrx_word' id='word_1_69' title='bbox 1157 1259 1299 1342; x_wconf 91' lang='lat' dir='ltr'>quiante</span> <span class='ocrx_word' id='word_1_70' title='bbox 1314 1277 1386 1325; x_wconf 91' lang='lat' dir='ltr'>eum</span> 
     </span>
     <span class='ocr_line' id='line_1_9' title="bbox 153 1360 1387 1457; baseline 0.002 -24"><span class='ocrx_word' id='word_1_71' title='bbox 153 1365 265 1448; x_wconf 82' lang='lat' dir='ltr'>tuerit,</span> <span class='ocrx_word' id='word_1_72' title='bbox 294 1369 334 1436; x_wconf 90' lang='lat' dir='ltr'>de</span> <span class='ocrx_word' id='word_1_73' title='bbox 362 1387 424 1450; x_wconf 92' lang='lat' dir='ltr'>quo</span> <span class='ocrx_word' id='word_1_74' title='bbox 445 1390 491 1437; x_wconf 90' lang='grc' dir='ltr'>νε.</span> <span class='ocrx_word' id='word_1_75' title='bbox 508 1376 548 1436; x_wconf 90' lang='grc'>23</span> <span class='ocrx_word' id='word_1_76' title='bbox 571 1369 621 1457; x_wconf 85' lang='lat' dir='ltr'>(O.</span> <span class='ocrx_word' id='word_1_77' title='bbox 645 1371 670 1439; x_wconf 90' lang='lat' dir='ltr'>I.</span> <span class='ocrx_word' id='word_1_78' title='bbox 694 1372 780 1452; x_wconf 84' lang='lat'>246).</span> <span class='ocrx_word' id='word_1_79' title='bbox 825 1360 868 1436; x_wconf 90' lang='lat' dir='ltr'>At</span> <span class='ocrx_word' id='word_1_80' title='bbox 896 1371 994 1436; x_wconf 89' lang='lat' dir='ltr'>omnis</span> <span class='ocrx_word' id='word_1_81' title='bbox 1016 1370 1168 1436; x_wconf 88' lang='lat' dir='ltr'>Boeckhii</span> <span class='ocrx_word' id='word_1_82' title='bbox 1197 1389 1285 1437; x_wconf 90' lang='lat' dir='ltr'>error</span> <span class='ocrx_word' id='word_1_83' title='bbox 1312 1368 1387 1435; x_wconf 92' lang='lat' dir='ltr'>inde</span> 
     </span>
     <span class='ocr_line' id='line_1_10' title="bbox 154 1479 1388 1562; baseline 0.001 -17"><span class='ocrx_word' id='word_1_84' title='bbox 154 1484 202 1545; x_wconf 91' lang='lat' dir='ltr'>est</span> <span class='ocrx_word' id='word_1_85' title='bbox 223 1484 320 1546; x_wconf 87' lang='lat' dir='ltr'>uatus</span> <span class='ocrx_word' id='word_1_86' title='bbox 342 1481 426 1561; x_wconf 91' lang='lat' dir='ltr'>quod</span> <span class='ocrx_word' id='word_1_87' title='bbox 447 1479 510 1547; x_wconf 91' lang='lat' dir='ltr'>fide</span> <span class='ocrx_word' id='word_1_88' title='bbox 531 1482 722 1548; x_wconf 89' lang='lat' dir='ltr'>Fourmonto</span> <span class='ocrx_word' id='word_1_89' title='bbox 743 1481 853 1547; x_wconf 89' lang='lat' dir='ltr'>habita</span> <span class='ocrx_word' id='word_1_90' title='bbox 875 1486 941 1548; x_wconf 89' lang='lat' dir='ltr'>tres</span> <span class='ocrx_word' id='word_1_91' title='bbox 962 1481 1032 1547; x_wconf 90' lang='lat' dir='ltr'>illas</span> <span class='ocrx_word' id='word_1_92' title='bbox 1054 1480 1271 1562; x_wconf 83' lang='lat' dir='ltr'>inscriptiones</span> <span class='ocrx_word' id='word_1_93' title='bbox 1297 1486 1388 1562; x_wconf 85' lang='lat' dir='ltr'>puta-</span> 
     </span>
     <span class='ocr_line' id='line_1_11' title="bbox 153 1591 1387 1676; baseline -0.001 -19"><span class='ocrx_word' id='word_1_94' title='bbox 153 1597 245 1658; x_wconf 77' lang='lat' dir='ltr'>verat</span> <span class='ocrx_word' id='word_1_95' title='bbox 269 1611 337 1658; x_wconf 88' lang='lat' dir='ltr'>esse</span> <span class='ocrx_word' id='word_1_96' title='bbox 360 1611 463 1658; x_wconf 91' lang='lat' dir='ltr'>unam.</span> <span class='ocrx_word' id='word_1_97' title='bbox 508 1592 666 1660; x_wconf 85' lang='lat' dir='ltr'>Nimirum</span> <span class='ocrx_word' id='word_1_98' title='bbox 694 1593 748 1676; x_wconf 91' lang='lat' dir='ltr'>qui</span> <span class='ocrx_word' id='word_1_99' title='bbox 777 1612 822 1660; x_wconf 85' lang='lat' dir='ltr'>vs.</span> <span class='ocrx_word' id='word_1_100' title='bbox 845 1598 885 1659; x_wconf 98' lang='grc'>23</span> <span class='ocrx_word' id='word_1_101' title='bbox 914 1593 1013 1675; x_wconf 87' lang='lat' dir='ltr'>(apud</span> <span class='ocrx_word' id='word_1_102' title='bbox 1034 1592 1241 1669; x_wconf 89' lang='lat' dir='ltr'>Boeckhium)</span> <span class='ocrx_word' id='word_1_103' title='bbox 1270 1591 1387 1657; x_wconf 90' lang='lat' dir='ltr'>archon</span> 
     </span>
     <span class='ocr_line' id='line_1_12' title="bbox 154 1703 1387 1788; baseline 0.001 -20"><span class='ocrx_word' id='word_1_104' title='bbox 154 1704 357 1784; x_wconf 87' lang='lat' dir='ltr'>praedicatur</span> <span class='ocrx_word' id='word_1_105' title='bbox 378 1706 406 1770; x_wconf 89' lang='lat' dir='ltr'>is</span> <span class='ocrx_word' id='word_1_106' title='bbox 427 1705 507 1770; x_wconf 91' lang='lat' dir='ltr'>haut</span> <span class='ocrx_word' id='word_1_107' title='bbox 527 1707 635 1788; x_wconf 88' lang='lat' dir='ltr'>paucis</span> <span class='ocrx_word' id='word_1_108' title='bbox 658 1707 749 1771; x_wconf 88' lang='lat' dir='ltr'>aunis</span> <span class='ocrx_word' id='word_1_109' title='bbox 771 1711 843 1788; x_wconf 92' lang='lat' dir='ltr'>post</span> <span class='ocrx_word' id='word_1_110' title='bbox 864 1724 994 1770; x_wconf 90' lang='lat' dir='ltr'>munere</span> <span class='ocrx_word' id='word_1_111' title='bbox 1015 1703 1141 1771; x_wconf 83' lang='lat' dir='ltr'>functus</span> <span class='ocrx_word' id='word_1_112' title='bbox 1165 1709 1231 1785; x_wconf 82' lang='lat' dir='ltr'>est,</span> <span class='ocrx_word' id='word_1_113' title='bbox 1262 1703 1301 1769; x_wconf 95' lang='lat' dir='ltr'>de</span> <span class='ocrx_word' id='word_1_114' title='bbox 1324 1722 1387 1785; x_wconf 88' lang='lat' dir='ltr'>qua</span> 
     </span>
     <span class='ocr_line' id='line_1_13' title="bbox 154 1814 1389 1897; baseline 0.001 -17"><span class='ocrx_word' id='word_1_115' title='bbox 154 1834 189 1881; x_wconf 91' lang='lat' dir='ltr'>re</span> <span class='ocrx_word' id='word_1_116' title='bbox 210 1820 326 1897; x_wconf 83' lang='lat' dir='ltr'>postea</span> <span class='ocrx_word' id='word_1_117' title='bbox 346 1815 531 1881; x_wconf 82' lang='lat' dir='ltr'>videbimus.</span> <span class='ocrx_word' id='word_1_118' title='bbox 568 1817 616 1882; x_wconf 89' lang='lat' dir='ltr'>De</span> <span class='ocrx_word' id='word_1_119' title='bbox 638 1817 788 1882; x_wconf 83' lang='lat' dir='ltr'>archonte</span> <span class='ocrx_word' id='word_1_120' title='bbox 809 1820 915 1881; x_wconf 88' lang='lat' dir='ltr'>autem</span> <span class='ocrx_word' id='word_1_121' title='bbox 936 1834 1047 1882; x_wconf 85' lang='lat' dir='ltr'>revera</span> <span class='ocrx_word' id='word_1_122' title='bbox 1061 1814 1304 1897; x_wconf 86' lang='lat' dir='ltr'>intellegendam</span> <span class='ocrx_word' id='word_1_123' title='bbox 1319 1832 1389 1881; x_wconf 88' lang='lat' dir='ltr'>esse</span> 
     </span>
     <span class='ocr_line' id='line_1_14' title="bbox 154 1924 1387 2008; baseline -0.002 -17"><span class='ocrx_word' id='word_1_124' title='bbox 154 1943 265 1993; x_wconf 86' lang='lat' dir='ltr'>vocem</span> <span class='ocrx_word' id='word_1_125' title='bbox 289 1925 357 1990; x_wconf 78' lang='grc' dir='ltr'>»ἐπὶ</span> <span class='ocrx_word' id='word_1_126' title='bbox 376 1924 500 1990; x_wconf 74' lang='grc' dir='ltr'><em>Σύλλας</em></span> <span class='ocrx_word' id='word_1_127' title='bbox 525 1945 608 1992; x_wconf 88' lang='lat' dir='ltr'>nunc</span> <span class='ocrx_word' id='word_1_128' title='bbox 631 1925 758 2008; x_wconf 88' lang='lat' dir='ltr'>quidem</span> <span class='ocrx_word' id='word_1_129' title='bbox 779 1925 954 1992; x_wconf 85' lang='lat' dir='ltr'>luculenter</span> <span class='ocrx_word' id='word_1_130' title='bbox 976 1926 1067 1992; x_wconf 89' lang='lat' dir='ltr'>docet</span> <span class='ocrx_word' id='word_1_131' title='bbox 1088 1926 1137 1991; x_wconf 89' lang='lat' dir='ltr'>tit.</span> <span class='ocrx_word' id='word_1_132' title='bbox 1160 1926 1192 1990; x_wconf 93' lang='lat' dir='ltr'>iu</span> <span class='ocrx_word' id='word_1_133' title='bbox 1207 1925 1286 2006; x_wconf 86' lang='lat' dir='ltr'>Eph.</span> <span class='ocrx_word' id='word_1_134' title='bbox 1303 1927 1387 1993; x_wconf 89' lang='lat' dir='ltr'>arch.</span> 
     </span>
     <span class='ocr_line' id='line_1_15' title="bbox 154 2013 1388 2133; baseline 0.002 -32"><span class='ocrx_word' id='word_1_135' title='bbox 154 2013 175 2098; x_wconf 80' lang='lat'>¹.</span> <span class='ocrx_word' id='word_1_136' title='bbox 197 2038 220 2101; x_wconf 89' lang='grc'><strong>1.</strong></span> <span class='ocrx_word' id='word_1_137' title='bbox 255 2037 301 2119; x_wconf 80' lang='grc' dir='ltr'>(ἐν</span> <span class='ocrx_word' id='word_1_138' title='bbox 329 2036 459 2133; x_wconf 71' lang='grc' dir='ltr'><em>ἄρχοντι</em></span> <span class='ocrx_word' id='word_1_139' title='bbox 480 2035 607 2116; x_wconf 81' lang='grc' dir='ltr'><em>Σύλλα).</em></span> <span class='ocrx_word' id='word_1_140' title='bbox 653 2035 733 2101; x_wconf 80' lang='lat' dir='ltr'>Cum</span> <span class='ocrx_word' id='word_1_141' title='bbox 755 2054 828 2102; x_wconf 86' lang='lat' dir='ltr'>vero</span> <span class='ocrx_word' id='word_1_142' title='bbox 850 2041 976 2119; x_wconf 90' lang='lat' dir='ltr'>praeter</span> <span class='ocrx_word' id='word_1_143' title='bbox 1005 2037 1186 2110; x_wconf 87' lang='lat' dir='ltr'>archontem</span> <span class='ocrx_word' id='word_1_144' title='bbox 1213 2042 1245 2103; x_wconf 91' lang='lat' dir='ltr'>et</span> <span class='ocrx_word' id='word_1_145' title='bbox 1273 2055 1388 2104; x_wconf 90' lang='lat' dir='ltr'>cosme·</span> 
     </span>
     <span class='ocr_line' id='line_1_16' title="bbox 153 2146 1391 2232; baseline 0.001 -19"><span class='ocrx_word' id='word_1_146' title='bbox 153 2152 220 2213; x_wconf 87' lang='lat' dir='ltr'>tam</span> <span class='ocrx_word' id='word_1_147' title='bbox 243 2146 351 2213; x_wconf 88' lang='lat' dir='ltr'>nullus</span> <span class='ocrx_word' id='word_1_148' title='bbox 374 2148 565 2232; x_wconf 90' lang='lat' dir='ltr'>epheborum</span> <span class='ocrx_word' id='word_1_149' title='bbox 591 2149 797 2231; x_wconf 84' lang='lat' dir='ltr'>magistratus</span> <span class='ocrx_word' id='word_1_150' title='bbox 824 2152 880 2213; x_wconf 90' lang='lat' dir='ltr'>aut</span> <span class='ocrx_word' id='word_1_151' title='bbox 906 2154 1091 2230; x_wconf 88' lang='lat' dir='ltr'>praeceptor</span> <span class='ocrx_word' id='word_1_152' title='bbox 1117 2150 1149 2214; x_wconf 91' lang='lat' dir='ltr'>iu</span> <span class='ocrx_word' id='word_1_153' title='bbox 1163 2167 1214 2215; x_wconf 91' lang='lat' dir='ltr'>·eo</span> <span class='ocrx_word' id='word_1_154' title='bbox 1242 2146 1291 2214; x_wconf 87' lang='lat' dir='ltr'>tit.</span> <span class='ocrx_word' id='word_1_155' title='bbox 1320 2167 1391 2214; x_wconf 91' lang='lat' dir='ltr'>eon-</span> 
     </span>
     <span class='ocr_line' id='line_1_17' title="bbox 154 2259 1390 2351; baseline 0.002 -28"><span class='ocrx_word' id='word_1_156' title='bbox 154 2262 269 2339; x_wconf 87' lang='lat' dir='ltr'>pareat</span> <span class='ocrx_word' id='word_1_157' title='bbox 302 2263 334 2325; x_wconf 91' lang='lat' dir='ltr'>et</span> <span class='ocrx_word' id='word_1_158' title='bbox 364 2278 435 2325; x_wconf 93' lang='lat' dir='ltr'>cum</span> <span class='ocrx_word' id='word_1_159' title='bbox 464 2260 606 2342; x_wconf 91' lang='lat' dir='ltr'>inprimis</span> <span class='ocrx_word' id='word_1_160' title='bbox 634 2259 906 2351; x_wconf 88' lang='lat' dir='ltr'>paedotribae-</span> <span class='ocrx_word' id='word_1_161' title='bbox 936 2259 1050 2341; x_wconf 92' lang='lat' dir='ltr'>quiin</span> <span class='ocrx_word' id='word_1_162' title='bbox 1081 2259 1148 2324; x_wconf 89' lang='lat' dir='ltr'>eius</span> <span class='ocrx_word' id='word_1_163' title='bbox 1176 2260 1261 2325; x_wconf 91' lang='lat' dir='ltr'>modi</span> <span class='ocrx_word' id='word_1_164' title='bbox 1289 2259 1390 2325; x_wconf 89' lang='lat' dir='ltr'>titulis</span> 
     </span>
     <span class='ocr_line' id='line_1_18' title="bbox 154 2367 1389 2453; baseline 0.001 -19"><span class='ocrx_word' id='word_1_165' title='bbox 154 2370 328 2436; x_wconf 84' lang='lat' dir='ltr'>maximum</span> <span class='ocrx_word' id='word_1_166' title='bbox 351 2370 502 2453; x_wconf 88' lang='lat' dir='ltr'>temporis</span> <span class='ocrx_word' id='word_1_167' title='bbox 524 2369 675 2447; x_wconf 81' lang='lat' dir='ltr'>indicium</span> <span class='ocrx_word' id='word_1_168' title='bbox 696 2369 827 2450; x_wconf 88' lang='lat' dir='ltr'>praebet</span> <span class='ocrx_word' id='word_1_169' title='bbox 843 2405 883 2415; x_wconf 95' lang='lat'>—</span> <span class='ocrx_word' id='word_1_170' title='bbox 899 2367 986 2434; x_wconf 88' lang='lat' dir='ltr'>nulla</span> <span class='ocrx_word' id='word_1_171' title='bbox 1007 2367 1063 2434; x_wconf 88' lang='lat' dir='ltr'>fiat</span> <span class='ocrx_word' id='word_1_172' title='bbox 1076 2371 1202 2451; x_wconf 86' lang='lat' dir='ltr'>mentio,</span> <span class='ocrx_word' id='word_1_173' title='bbox 1227 2371 1389 2453; x_wconf 89' lang='lat' dir='ltr'>quaeritur</span> 
     </span>
     <span class='ocr_line' id='line_1_19' title="bbox 154 2479 1389 2562; baseline 0 -16"><span class='ocrx_word' id='word_1_174' title='bbox 154 2498 217 2562; x_wconf 92' lang='lat' dir='ltr'>quo</span> <span class='ocrx_word' id='word_1_175' title='bbox 242 2497 325 2546; x_wconf 89' lang='lat' dir='ltr'>auno</span> <span class='ocrx_word' id='word_1_176' title='bbox 346 2479 469 2550; x_wconf 83' lang='grc' dir='ltr'><em>Σύλλας</em></span> <span class='ocrx_word' id='word_1_177' title='bbox 482 2481 615 2546; x_wconf 86' lang='lat' dir='ltr'>Athenis</span> <span class='ocrx_word' id='word_1_178' title='bbox 638 2480 755 2545; x_wconf 89' lang='lat' dir='ltr'>archon</span> <span class='ocrx_word' id='word_1_179' title='bbox 777 2479 881 2559; x_wconf 90' lang='lat' dir='ltr'>fuerit,</span> <span class='ocrx_word' id='word_1_180' title='bbox 902 2484 968 2559; x_wconf 84' lang='lat' dir='ltr'>aut,</span> <span class='ocrx_word' id='word_1_181' title='bbox 991 2480 1141 2545; x_wconf 90' lang='lat' dir='ltr'>siminus</span> <span class='ocrx_word' id='word_1_182' title='bbox 1163 2480 1231 2561; x_wconf 83' lang='lat' dir='ltr'>hoc,</span> <span class='ocrx_word' id='word_1_183' title='bbox 1255 2498 1318 2560; x_wconf 91' lang='lat' dir='ltr'>qua</span> <span class='ocrx_word' id='word_1_184' title='bbox 1340 2498 1389 2546; x_wconf 92' lang='lat' dir='ltr'>ae·</span> 
     </span>
     <span class='ocr_line' id='line_1_20' title="bbox 154 2590 1391 2674; baseline -0.001 -17"><span class='ocrx_word' id='word_1_185' title='bbox 154 2595 233 2659; x_wconf 89' lang='lat' dir='ltr'>tate.</span> <span class='ocrx_word' id='word_1_186' title='bbox 279 2592 370 2670; x_wconf 77' lang='lat' dir='ltr'>Quod</span> <span class='ocrx_word' id='word_1_187' title='bbox 391 2598 429 2657; x_wconf 89' lang='lat' dir='ltr'>nt</span> <span class='ocrx_word' id='word_1_188' title='bbox 449 2592 550 2674; x_wconf 89' lang='lat' dir='ltr'>possit</span> <span class='ocrx_word' id='word_1_189' title='bbox 572 2591 729 2657; x_wconf 86' lang='lat' dir='ltr'>enucleari</span> <span class='ocrx_word' id='word_1_190' title='bbox 751 2590 919 2656; x_wconf 86' lang='lat' dir='ltr'>videndum</span> <span class='ocrx_word' id='word_1_191' title='bbox 943 2595 991 2657; x_wconf 92' lang='lat' dir='ltr'>est</span> <span class='ocrx_word' id='word_1_192' title='bbox 1012 2611 1088 2657; x_wconf 92' lang='lat' dir='ltr'>num</span> <span class='ocrx_word' id='word_1_193' title='bbox 1117 2593 1171 2673; x_wconf 94' lang='lat' dir='ltr'>qui</span> <span class='ocrx_word' id='word_1_194' title='bbox 1201 2611 1239 2658; x_wconf 89' lang='lat' dir='ltr'>ex</span> <span class='ocrx_word' id='word_1_195' title='bbox 1263 2593 1307 2657; x_wconf 90' lang='lat' dir='ltr'>eis</span> <span class='ocrx_word' id='word_1_196' title='bbox 1336 2592 1391 2672; x_wconf 90' lang='lat' dir='ltr'>qui</span> 
     </span>
     <span class='ocr_line' id='line_1_21' title="bbox 99 2691 1390 2788; baseline 0.001 -23"><span class='ocrx_word' id='word_1_197' title='bbox 99 2738 102 2743; x_wconf 60' lang='lat'>&lt;</span> <span class='ocrx_word' id='word_1_198' title='bbox 155 2701 200 2768; x_wconf 91' lang='lat' dir='ltr'>ihi</span> <span class='ocrx_word' id='word_1_199' title='bbox 223 2702 306 2768; x_wconf 87' lang='lat' dir='ltr'>inter</span> <span class='ocrx_word' id='word_1_200' title='bbox 328 2702 465 2785; x_wconf 89' lang='lat' dir='ltr'>ephebos</span> <span class='ocrx_word' id='word_1_201' title='bbox 486 2691 691 2768; x_wconf 86' lang='lat' dir='ltr'>recensentur</span> <span class='ocrx_word' id='word_1_202' title='bbox 713 2701 845 2788; x_wconf 85' lang='lat' dir='ltr'>redeant</span> <span class='ocrx_word' id='word_1_203' title='bbox 866 2700 946 2767; x_wconf 87' lang='lat' dir='ltr'>forte</span> <span class='ocrx_word' id='word_1_204' title='bbox 973 2701 1034 2766; x_wconf 86' lang='lat' dir='ltr'>alio</span> <span class='ocrx_word' id='word_1_205' title='bbox 1061 2702 1139 2768; x_wconf 91' lang='lat' dir='ltr'>loco.</span> <span class='ocrx_word' id='word_1_206' title='bbox 1184 2703 1230 2767; x_wconf 90' lang='lat' dir='ltr'>Ao</span> <span class='ocrx_word' id='word_1_207' title='bbox 1256 2702 1390 2784; x_wconf 92' lang='lat' dir='ltr'>primum</span> 
     </span>
     <span class='ocr_line' id='line_1_22' title="bbox 154 2805 1391 2899; baseline -0.001 -22"><span class='ocrx_word' id='word_1_208' title='bbox 154 2830 203 2877; x_wconf 76' lang='lat' dir='ltr'>VS.</span> <span class='ocrx_word' id='word_1_209' title='bbox 223 2815 264 2877; x_wconf 83' lang='lat'>29</span> <span class='ocrx_word' id='word_1_210' title='bbox 287 2810 366 2894; x_wconf 79' lang='lat' dir='ltr'>(Col.</span> <span class='ocrx_word' id='word_1_211' title='bbox 383 2811 430 2898; x_wconf 87' lang='lat' dir='ltr'>II)</span> <span class='ocrx_word' id='word_1_212' title='bbox 452 2805 689 2893; x_wconf 71' lang='lat' dir='ltr'>inter-,ephebos</span> <span class='ocrx_word' id='word_1_213' title='bbox 704 2818 753 2877; x_wconf 84' lang='lat' dir='ltr'>est</span> <span class='ocrx_word' id='word_1_214' title='bbox 767 2808 1076 2899; x_wconf 79' lang='grc' dir='ltr'><em>ΛεωνίὸήςἩφώὸοο</em></span> <span class='ocrx_word' id='word_1_215' title='bbox 1092 2812 1269 2899; x_wconf 69' lang='grc' dir='ltr'>Χολλείδης.</span> <span class='ocrx_word' id='word_1_216' title='bbox 1303 2812 1391 2878; x_wconf 82' lang='lat' dir='ltr'>Idem</span> 
     </span>
     <span class='ocr_line' id='line_1_23' title="bbox 154 2922 1391 3003; baseline 0.001 -16"><span class='ocrx_word' id='word_1_217' title='bbox 154 2923 251 2989; x_wconf 93' lang='lat' dir='ltr'>homo</span> <span class='ocrx_word' id='word_1_218' title='bbox 273 2924 356 2989; x_wconf 90' lang='lat' dir='ltr'>redit</span> <span class='ocrx_word' id='word_1_219' title='bbox 378 2923 412 2987; x_wconf 94' lang='lat' dir='ltr'>in</span> <span class='ocrx_word' id='word_1_220' title='bbox 433 2923 483 2988; x_wconf 87' lang='lat' dir='ltr'>tit.</span> <span class='ocrx_word' id='word_1_221' title='bbox 504 2923 627 2989; x_wconf 90' lang='lat' dir='ltr'>Philist.</span> <span class='ocrx_word' id='word_1_222' title='bbox 650 2923 711 3003; x_wconf 89' lang='lat' dir='ltr'>III,</span> <span class='ocrx_word' id='word_1_223' title='bbox 734 2926 805 3002; x_wconf 79' lang='lat'>444,</span> <span class='ocrx_word' id='word_1_224' title='bbox 831 2928 846 2986; x_wconf 97' lang='grc'>1</span> <span class='ocrx_word' id='word_1_225' title='bbox 873 2926 983 3002; x_wconf 88' lang='lat' dir='ltr'>estque</span> <span class='ocrx_word' id='word_1_226' title='bbox 1004 2922 1048 2988; x_wconf 93' lang='lat' dir='ltr'>ibi</span> <span class='ocrx_word' id='word_1_227' title='bbox 1070 2923 1282 2989; x_wconf 89' lang='lat' dir='ltr'>anticosmeta</span> <span class='ocrx_word' id='word_1_228' title='bbox 1327 2923 1391 2988; x_wconf 86' lang='lat' dir='ltr'>Ita-</span> 
     </span>
     <span class='ocr_line' id='line_1_24' title="bbox 156 3032 1391 3114; baseline 0 -15"><span class='ocrx_word' id='word_1_229' title='bbox 156 3050 221 3114; x_wconf 90' lang='lat' dir='ltr'>que</span> <span class='ocrx_word' id='word_1_230' title='bbox 242 3033 328 3099; x_wconf 87' lang='lat' dir='ltr'>inter</span> <span class='ocrx_word' id='word_1_231' title='bbox 349 3038 519 3114; x_wconf 89' lang='lat' dir='ltr'>utrumque</span> <span class='ocrx_word' id='word_1_232' title='bbox 540 3034 592 3099; x_wconf 85' lang='lat' dir='ltr'>t&#39;t.</span> <span class='ocrx_word' id='word_1_233' title='bbox 614 3032 680 3099; x_wconf 85' lang='lat' dir='ltr'>fere</span> <span class='ocrx_word' id='word_1_234' title='bbox 703 3037 743 3097; x_wconf 89' lang='grc'>20</span> <span class='ocrx_word' id='word_1_235' title='bbox 766 3034 839 3098; x_wconf 91' lang='lat' dir='ltr'>anni</span> <span class='ocrx_word' id='word_1_236' title='bbox 853 3033 1010 3098; x_wconf 89' lang='lat' dir='ltr'>interiecti</span> <span class='ocrx_word' id='word_1_237' title='bbox 1024 3038 1108 3114; x_wconf 84' lang='lat' dir='ltr'>suut,</span> <span class='ocrx_word' id='word_1_238' title='bbox 1131 3034 1215 3114; x_wconf 91' lang='lat' dir='ltr'>quod</span> <span class='ocrx_word' id='word_1_239' title='bbox 1229 3033 1391 3099; x_wconf 91' lang='lat' dir='ltr'>minimum</span> 
     </span>
     <span class='ocr_line' id='line_1_25' title="bbox 156 3142 1389 3226; baseline 0.001 -18"><span class='ocrx_word' id='word_1_240' title='bbox 156 3147 218 3208; x_wconf 91' lang='lat' dir='ltr'>est.</span> <span class='ocrx_word' id='word_1_241' title='bbox 257 3143 353 3224; x_wconf 84' lang='lat' dir='ltr'>Atqui</span> <span class='ocrx_word' id='word_1_242' title='bbox 374 3145 427 3210; x_wconf 89' lang='lat' dir='ltr'>ille</span> <span class='ocrx_word' id='word_1_243' title='bbox 441 3144 563 3210; x_wconf 84' lang='lat' dir='ltr'>Philist</span> <span class='ocrx_word' id='word_1_244' title='bbox 587 3145 635 3210; x_wconf 86' lang='lat' dir='ltr'>tit.</span> <span class='ocrx_word' id='word_1_245' title='bbox 660 3148 807 3210; x_wconf 84' lang='lat' dir='ltr'>exaratus</span> <span class='ocrx_word' id='word_1_246' title='bbox 830 3148 879 3209; x_wconf 93' lang='lat' dir='ltr'>est</span> <span class='ocrx_word' id='word_1_247' title='bbox 894 3162 922 3207; x_wconf 86' lang='lat' dir='ltr'>a.</span> <span class='ocrx_word' id='word_1_248' title='bbox 945 3147 1004 3207; x_wconf 82' lang='lat'>165</span> <span class='ocrx_word' id='word_1_249' title='bbox 1019 3160 1050 3223; x_wconf 91' lang='lat' dir='ltr'>p.</span> <span class='ocrx_word' id='word_1_250' title='bbox 1070 3143 1143 3208; x_wconf 83' lang='lat' dir='ltr'>Chr.</span> <span class='ocrx_word' id='word_1_251' title='bbox 1170 3142 1222 3220; x_wconf 83' lang='lat' dir='ltr'>(cf.</span> <span class='ocrx_word' id='word_1_252' title='bbox 1237 3161 1307 3226; x_wconf 86' lang='lat' dir='ltr'>pag.</span> <span class='ocrx_word' id='word_1_253' title='bbox 1326 3150 1389 3221; x_wconf 82' lang='grc'><strong>18).</strong></span> 
     </span>
     <span class='ocr_line' id='line_1_26' title="bbox 155 3253 1390 3336; baseline 0.002 -18"><span class='ocrx_word' id='word_1_254' title='bbox 155 3253 355 3319; x_wconf 53' lang='lat' dir='ltr'>&amp;vocamur</span> <span class='ocrx_word' id='word_1_255' title='bbox 377 3273 452 3336; x_wconf 90' lang='lat' dir='ltr'>ergo</span> <span class='ocrx_word' id='word_1_256' title='bbox 475 3256 545 3321; x_wconf 89' lang='lat' dir='ltr'>circ.</span> <span class='ocrx_word' id='word_1_257' title='bbox 577 3254 618 3320; x_wconf 88' lang='lat' dir='ltr'>ad</span> <span class='ocrx_word' id='word_1_258' title='bbox 641 3273 669 3320; x_wconf 89' lang='lat' dir='ltr'>a.</span> <span class='ocrx_word' id='word_1_259' title='bbox 695 3258 891 3334; x_wconf 82' lang='lat'>145-150,</span> <span class='ocrx_word' id='word_1_260' title='bbox 919 3270 981 3332; x_wconf 90' lang='lat' dir='ltr'>quo</span> <span class='ocrx_word' id='word_1_261' title='bbox 1009 3253 1148 3335; x_wconf 83' lang='lat' dir='ltr'>proinde·</span> <span class='ocrx_word' id='word_1_262' title='bbox 1169 3258 1309 3336; x_wconf 87' lang='lat' dir='ltr'>tempore</span> <span class='ocrx_word' id='word_1_263' title='bbox 1337 3255 1390 3320; x_wconf 86' lang='lat' dir='ltr'>ille</span> 
     </span>
    </p>
   </div>
   <div class='ocr_carea' id='block_1_3' title="bbox 158 3360 1499 3446">
    <p class='ocr_par' dir='ltr' id='par_1_3' title="bbox 158 3360 1499 3446">
     <span class='ocr_line' id='line_1_27' title="bbox 158 3360 1499 3446; baseline 0.001 -17"><span class='ocrx_word' id='word_1_264' title='bbox 158 3363 249 3430; x_wconf 87' lang='lat' dir='ltr'>Sulla</span> <span class='ocrx_word' id='word_1_265' title='bbox 271 3365 405 3430; x_wconf 86' lang='lat' dir='ltr'>Athenis</span> <span class='ocrx_word' id='word_1_266' title='bbox 428 3366 545 3432; x_wconf 90' lang='lat' dir='ltr'>archon</span> <span class='ocrx_word' id='word_1_267' title='bbox 567 3363 664 3430; x_wconf 90' lang='lat' dir='ltr'>fuerit</span> <span class='ocrx_word' id='word_1_268' title='bbox 686 3368 818 3446; x_wconf 90' lang='lat' dir='ltr'>oportet.</span> <span class='ocrx_word' id='word_1_269' title='bbox 864 3363 1083 3446; x_wconf 73' lang='lat' dir='ltr'>conprobatur</span> <span class='ocrx_word' id='word_1_270' title='bbox 1103 3364 1182 3429; x_wconf 89' lang='lat' dir='ltr'>haec</span> <span class='ocrx_word' id='word_1_271' title='bbox 1211 3366 1391 3446; x_wconf 90' lang='lat' dir='ltr'>conputatio</span> <span class='ocrx_word' id='word_1_272' title='bbox 1490 3360 1499 3375; x_wconf 87' lang='lat'><em>&#39;</em></span> 
     </span>
    </p>
   </div>
   <div class='ocr_carea' id='block_1_4' title="bbox 154 3474 1397 4849">
    <p class='ocr_par' dir='ltr' id='par_1_4' title="bbox 154 3474 1397 4849">
     <span class='ocr_line' id='line_1_28' title="bbox 154 3474 1391 3559; baseline 0 -19"><span class='ocrx_word' id='word_1_273' title='bbox 154 3474 220 3540; x_wconf 86' lang='lat' dir='ltr'>alia</span> <span class='ocrx_word' id='word_1_274' title='bbox 240 3476 371 3541; x_wconf 89' lang='lat' dir='ltr'>ratione.</span> <span class='ocrx_word' id='word_1_275' title='bbox 410 3475 450 3540; x_wconf 96' lang='lat' dir='ltr'>In</span> <span class='ocrx_word' id='word_1_276' title='bbox 472 3476 603 3557; x_wconf 81' lang='lat' dir='ltr'>Ephem.</span> <span class='ocrx_word' id='word_1_277' title='bbox 626 3478 711 3542; x_wconf 88' lang='lat' dir='ltr'>arch.</span> <span class='ocrx_word' id='word_1_278' title='bbox 734 3495 783 3542; x_wconf 87' lang='lat' dir='ltr'>no.</span> <span class='ocrx_word' id='word_1_279' title='bbox 801 3481 883 3541; x_wconf 86' lang='grc'>3333</span> <span class='ocrx_word' id='word_1_280' title='bbox 905 3475 988 3540; x_wconf 91' lang='lat' dir='ltr'>iuter</span> <span class='ocrx_word' id='word_1_281' title='bbox 1009 3475 1212 3556; x_wconf 84' lang='lat' dir='ltr'>magistratus</span> <span class='ocrx_word' id='word_1_282' title='bbox 1229 3476 1391 3559; x_wconf 89' lang='lat' dir='ltr'>quosdam,</span> 
     </span>
     <span class='ocr_line' id='line_1_29' title="bbox 155 3582 1393 3671; baseline 0.002 -22"><span class='ocrx_word' id='word_1_283' title='bbox 155 3590 193 3650; x_wconf 92' lang='lat' dir='ltr'>ut</span> <span class='ocrx_word' id='word_1_284' title='bbox 226 3585 369 3662; x_wconf 80' lang='lat' dir='ltr'>videtur,</span> <span class='ocrx_word' id='word_1_285' title='bbox 397 3590 549 3668; x_wconf 87' lang='lat' dir='ltr'>conparet</span> <span class='ocrx_word' id='word_1_286' title='bbox 575 3587 658 3652; x_wconf 93' lang='lat' dir='ltr'>idem</span> <span class='ocrx_word' id='word_1_287' title='bbox 685 3586 738 3652; x_wconf 88' lang='lat' dir='ltr'>ille</span> <span class='ocrx_word' id='word_1_288' title='bbox 760 3585 920 3671; x_wconf 76' lang='grc' dir='ltr'>Λεωνίδης</span> <span class='ocrx_word' id='word_1_289' title='bbox 941 3582 1093 3671; x_wconf 75' lang='grc' dir='ltr'>Ἡρώδου.</span> <span class='ocrx_word' id='word_1_290' title='bbox 1138 3585 1332 3667; x_wconf 83' lang='lat' dir='ltr'>Quamquam</span> <span class='ocrx_word' id='word_1_291' title='bbox 1360 3586 1393 3651; x_wconf 90' lang='lat' dir='ltr'>in</span> 
     </span>
     <span class='ocr_line' id='line_1_30' title="bbox 157 3695 1392 3779; baseline 0.002 -19"><span class='ocrx_word' id='word_1_292' title='bbox 157 3696 232 3778; x_wconf 89' lang='lat' dir='ltr'>ipsa</span> <span class='ocrx_word' id='word_1_293' title='bbox 252 3695 454 3778; x_wconf 87' lang='lat' dir='ltr'>inscriptione</span> <span class='ocrx_word' id='word_1_294' title='bbox 484 3699 634 3779; x_wconf 88' lang='lat' dir='ltr'>temporis</span> <span class='ocrx_word' id='word_1_295' title='bbox 662 3696 811 3763; x_wconf 89' lang='lat' dir='ltr'>indicium</span> <span class='ocrx_word' id='word_1_296' title='bbox 840 3714 901 3762; x_wconf 92' lang='lat' dir='ltr'>nou</span> <span class='ocrx_word' id='word_1_297' title='bbox 930 3697 1027 3776; x_wconf 90' lang='lat' dir='ltr'>inest,</span> <span class='ocrx_word' id='word_1_298' title='bbox 1056 3699 1161 3760; x_wconf 90' lang='lat' dir='ltr'>tamen</span> <span class='ocrx_word' id='word_1_299' title='bbox 1188 3696 1276 3760; x_wconf 87' lang='lat' dir='ltr'>iuxta</span> <span class='ocrx_word' id='word_1_300' title='bbox 1304 3696 1392 3762; x_wconf 91' lang='lat' dir='ltr'>illum</span> 
     </span>
     <span class='ocr_line' id='line_1_31' title="bbox 157 3803 1394 3892; baseline 0.003 -22"><span class='ocrx_word' id='word_1_301' title='bbox 157 3805 333 3871; x_wconf 90' lang='lat' dir='ltr'>Leonidam</span> <span class='ocrx_word' id='word_1_302' title='bbox 354 3812 537 3873; x_wconf 87' lang='lat' dir='ltr'>recensetur</span> <span class='ocrx_word' id='word_1_303' title='bbox 551 3807 735 3876; x_wconf 82' lang='grc' dir='ltr'><em>Μουσώνιος</em></span> <span class='ocrx_word' id='word_1_304' title='bbox 750 3803 894 3892; x_wconf 76' lang='grc' dir='ltr'><em>Ῥούφοςε</em></span> <span class='ocrx_word' id='word_1_305' title='bbox 917 3807 944 3871; x_wconf 92' lang='lat' dir='ltr'>is</span> <span class='ocrx_word' id='word_1_306' title='bbox 965 3811 1072 3872; x_wconf 88' lang='lat' dir='ltr'>autem</span> <span class='ocrx_word' id='word_1_307' title='bbox 1088 3805 1120 3871; x_wconf 92' lang='lat' dir='ltr'>in</span> <span class='ocrx_word' id='word_1_308' title='bbox 1135 3807 1183 3871; x_wconf 92' lang='lat' dir='ltr'>tit.</span> <span class='ocrx_word' id='word_1_309' title='bbox 1199 3806 1320 3871; x_wconf 88' lang='lat' dir='ltr'>Philist.</span> <span class='ocrx_word' id='word_1_310' title='bbox 1337 3807 1394 3887; x_wconf 86' lang='lat' dir='ltr'>IV,</span> 
     </span>
     <span class='ocr_line' id='line_1_32' title="bbox 158 3916 1393 4002; baseline 0.002 -23"><span class='ocrx_word' id='word_1_311' title='bbox 158 3920 232 3996; x_wconf 88' lang='lat'>164,</span> <span class='ocrx_word' id='word_1_312' title='bbox 258 3921 273 3979; x_wconf 96' lang='grc'>1</span> <span class='ocrx_word' id='word_1_313' title='bbox 297 3935 344 3982; x_wconf 88' lang='grc' dir='ltr'>νε.</span> <span class='ocrx_word' id='word_1_314' title='bbox 363 3922 403 3982; x_wconf 88' lang='grc'>34</span> <span class='ocrx_word' id='word_1_315' title='bbox 426 3916 507 4000; x_wconf 82' lang='lat' dir='ltr'>(Col.</span> <span class='ocrx_word' id='word_1_316' title='bbox 520 3919 565 4002; x_wconf 87' lang='grc' dir='ltr'>Π)</span> <span class='ocrx_word' id='word_1_317' title='bbox 586 3919 669 3984; x_wconf 88' lang='lat' dir='ltr'>iuter</span> <span class='ocrx_word' id='word_1_318' title='bbox 684 3917 820 4000; x_wconf 88' lang='lat' dir='ltr'>ephebos</span> <span class='ocrx_word' id='word_1_319' title='bbox 835 3917 1001 3983; x_wconf 86' lang='lat' dir='ltr'>invenitur.</span> <span class='ocrx_word' id='word_1_320' title='bbox 1040 3917 1138 3998; x_wconf 89' lang='lat' dir='ltr'>Atqui</span> <span class='ocrx_word' id='word_1_321' title='bbox 1152 3937 1179 3982; x_wconf 90' lang='lat' dir='ltr'>a.</span> <span class='ocrx_word' id='word_1_322' title='bbox 1198 3922 1255 3980; x_wconf 88' lang='lat'>141</span> <span class='ocrx_word' id='word_1_323' title='bbox 1273 3938 1303 3999; x_wconf 88' lang='lat' dir='ltr'>p.</span> <span class='ocrx_word' id='word_1_324' title='bbox 1320 3916 1393 3982; x_wconf 82' lang='lat' dir='ltr'>Chr.</span> 
     </span>
     <span class='ocr_line' id='line_1_33' title="bbox 158 4026 1395 4109; baseline 0.002 -19"><span class='ocrx_word' id='word_1_325' title='bbox 158 4026 346 4107; x_wconf 89' lang='lat' dir='ltr'>conpositus</span> <span class='ocrx_word' id='word_1_326' title='bbox 375 4030 424 4092; x_wconf 90' lang='lat' dir='ltr'>est</span> <span class='ocrx_word' id='word_1_327' title='bbox 451 4026 562 4093; x_wconf 88' lang='lat' dir='ltr'>titulus</span> <span class='ocrx_word' id='word_1_328' title='bbox 591 4045 684 4109; x_wconf 91' lang='lat' dir='ltr'>quern</span> <span class='ocrx_word' id='word_1_329' title='bbox 712 4027 804 4092; x_wconf 93' lang='lat' dir='ltr'>modo</span> <span class='ocrx_word' id='word_1_330' title='bbox 834 4027 936 4092; x_wconf 86' lang='lat' dir='ltr'>attuli.</span> <span class='ocrx_word' id='word_1_331' title='bbox 981 4027 1079 4092; x_wconf 85' lang='lat' dir='ltr'>Recta</span> <span class='ocrx_word' id='word_1_332' title='bbox 1108 4045 1183 4109; x_wconf 90' lang='lat' dir='ltr'>ergo</span> <span class='ocrx_word' id='word_1_333' title='bbox 1210 4032 1259 4092; x_wconf 89' lang='lat' dir='ltr'>est</span> <span class='ocrx_word' id='word_1_334' title='bbox 1286 4033 1395 4093; x_wconf 88' lang='lat' dir='ltr'>nostra</span> 
     </span>
     <span class='ocr_line' id='line_1_34' title="bbox 161 4136 1395 4221; baseline 0.003 -19"><span class='ocrx_word' id='word_1_335' title='bbox 161 4138 357 4219; x_wconf 87' lang='lat' dir='ltr'>conputatio,</span> <span class='ocrx_word' id='word_1_336' title='bbox 383 4136 499 4220; x_wconf 85' lang='lat' dir='ltr'>quippe</span> <span class='ocrx_word' id='word_1_337' title='bbox 521 4156 559 4203; x_wconf 86' lang='lat' dir='ltr'>ex</span> <span class='ocrx_word' id='word_1_338' title='bbox 581 4155 644 4218; x_wconf 91' lang='lat' dir='ltr'>qua</span> <span class='ocrx_word' id='word_1_339' title='bbox 665 4137 837 4203; x_wconf 89' lang='lat' dir='ltr'>Leonidam</span> <span class='ocrx_word' id='word_1_340' title='bbox 859 4136 924 4203; x_wconf 85' lang='lat' dir='ltr'>iere</span> <span class='ocrx_word' id='word_1_341' title='bbox 947 4137 1055 4203; x_wconf 90' lang='lat' dir='ltr'>eodem</span> <span class='ocrx_word' id='word_1_342' title='bbox 1079 4143 1219 4220; x_wconf 88' lang='lat' dir='ltr'>tempore</span> <span class='ocrx_word' id='word_1_343' title='bbox 1241 4157 1303 4221; x_wconf 91' lang='lat' dir='ltr'>quo</span> <span class='ocrx_word' id='word_1_344' title='bbox 1326 4140 1395 4206; x_wconf 89' lang='lat' dir='ltr'>Mu·</span> 
     </span>
     <span class='ocr_line' id='line_1_35' title="bbox 158 4246 1392 4331; baseline 0.003 -19"><span class='ocrx_word' id='word_1_345' title='bbox 158 4246 271 4313; x_wconf 88' lang='lat' dir='ltr'>sonius</span> <span class='ocrx_word' id='word_1_346' title='bbox 300 4246 453 4329; x_wconf 89' lang='lat' dir='ltr'>ephebum</span> <span class='ocrx_word' id='word_1_347' title='bbox 483 4246 580 4312; x_wconf 84' lang='lat' dir='ltr'>fuisse</span> <span class='ocrx_word' id='word_1_348' title='bbox 609 4252 727 4328; x_wconf 88' lang='lat' dir='ltr'>pateat.</span> <span class='ocrx_word' id='word_1_349' title='bbox 778 4248 921 4328; x_wconf 90' lang='lat' dir='ltr'>Denique</span> <span class='ocrx_word' id='word_1_350' title='bbox 949 4249 982 4312; x_wconf 95' lang='lat' dir='ltr'>in</span> <span class='ocrx_word' id='word_1_351' title='bbox 1011 4247 1063 4313; x_wconf 91' lang='lat' dir='ltr'>illo</span> <span class='ocrx_word' id='word_1_352' title='bbox 1092 4247 1310 4331; x_wconf 85' lang='lat' dir='ltr'>Ephemeridis</span> <span class='ocrx_word' id='word_1_353' title='bbox 1345 4253 1392 4317; x_wconf 89' lang='lat' dir='ltr'>tit.</span> 
     </span>
     <span class='ocr_line' id='line_1_36' title="bbox 161 4358 1394 4451; baseline 0.003 -28"><span class='ocrx_word' id='word_1_354' title='bbox 161 4361 249 4445; x_wconf 79' lang='grc' dir='ltr'><strong>(περ.</strong></span> <span class='ocrx_word' id='word_1_355' title='bbox 273 4360 309 4425; x_wconf 91' lang='grc' dir='ltr'>Β.</span> <span class='ocrx_word' id='word_1_356' title='bbox 329 4360 403 4441; x_wconf 82' lang='lat'>107)</span> <span class='ocrx_word' id='word_1_357' title='bbox 427 4378 473 4425; x_wconf 82' lang='grc' dir='ltr'><strong>νε.</strong></span> <span class='ocrx_word' id='word_1_358' title='bbox 491 4365 528 4423; x_wconf 96' lang='lat' dir='ltr'>ll</span> <span class='ocrx_word' id='word_1_359' title='bbox 554 4358 632 4439; x_wconf 78' lang='lat' dir='ltr'>(Col.</span> <span class='ocrx_word' id='word_1_360' title='bbox 648 4361 693 4443; x_wconf 88' lang='grc' dir='ltr'>ΙΙ)</span> <span class='ocrx_word' id='word_1_361' title='bbox 724 4360 806 4424; x_wconf 84' lang='lat' dir='ltr'>inter</span> <span class='ocrx_word' id='word_1_362' title='bbox 834 4359 969 4441; x_wconf 85' lang='lat' dir='ltr'>ephebos</span> <span class='ocrx_word' id='word_1_363' title='bbox 999 4364 1048 4425; x_wconf 85' lang='lat' dir='ltr'>est</span> <span class='ocrx_word' id='word_1_364' title='bbox 1069 4358 1221 4449; x_wconf 75' lang='grc' dir='ltr'><em>Εὔφημος</em></span> <span class='ocrx_word' id='word_1_365' title='bbox 1242 4361 1394 4451; x_wconf 76' lang='grc' dir='ltr'><em>Εύφήφοο</em></span> 
     </span>
     <span class='ocr_line' id='line_1_37' title="bbox 160 4467 1395 4558; baseline 0.004 -25"><span class='ocrx_word' id='word_1_366' title='bbox 160 4467 339 4558; x_wconf 79' lang='grc' dir='ltr'><em>Σφήττιος;</em></span> <span class='ocrx_word' id='word_1_367' title='bbox 360 4468 455 4535; x_wconf 87' lang='lat' dir='ltr'>huius</span> <span class='ocrx_word' id='word_1_368' title='bbox 476 4468 611 4535; x_wconf 83' lang='lat' dir='ltr'>fortasse</span> <span class='ocrx_word' id='word_1_369' title='bbox 633 4468 731 4534; x_wconf 84' lang='lat' dir='ltr'>irater</span> <span class='ocrx_word' id='word_1_370' title='bbox 753 4473 802 4534; x_wconf 92' lang='lat' dir='ltr'>est</span> <span class='ocrx_word' id='word_1_371' title='bbox 823 4469 850 4534; x_wconf 91' lang='lat' dir='ltr'>is</span> <span class='ocrx_word' id='word_1_372' title='bbox 872 4469 925 4550; x_wconf 89' lang='lat' dir='ltr'>qni</span> <span class='ocrx_word' id='word_1_373' title='bbox 948 4469 981 4533; x_wconf 91' lang='lat' dir='ltr'>iu</span> <span class='ocrx_word' id='word_1_374' title='bbox 1001 4470 1048 4536; x_wconf 88' lang='lat' dir='ltr'>tit.</span> <span class='ocrx_word' id='word_1_375' title='bbox 1066 4471 1196 4553; x_wconf 87' lang='lat' dir='ltr'>Ephem.</span> <span class='ocrx_word' id='word_1_376' title='bbox 1213 4475 1295 4540; x_wconf 89' lang='lat' dir='ltr'>arch.</span> <span class='ocrx_word' id='word_1_377' title='bbox 1313 4479 1395 4539; x_wconf 80' lang='grc'>2235</span> 
     </span>
     <span class='ocr_line' id='line_1_38' title="bbox 162 4575 1397 4667; baseline 0 -21"><span class='ocrx_word' id='word_1_378' title='bbox 162 4599 193 4646; x_wconf 81' lang='lat' dir='ltr'>a.</span> <span class='ocrx_word' id='word_1_379' title='bbox 219 4585 281 4645; x_wconf 83' lang='lat'>147</span> <span class='ocrx_word' id='word_1_380' title='bbox 310 4600 341 4662; x_wconf 70' lang='lat' dir='ltr'>Ia</span> <span class='ocrx_word' id='word_1_381' title='bbox 365 4578 438 4653; x_wconf 70' lang='lat' dir='ltr'>Chr.</span> <span class='ocrx_word' id='word_1_382' title='bbox 467 4583 516 4644; x_wconf 82' lang='lat' dir='ltr'>est</span> <span class='ocrx_word' id='word_1_383' title='bbox 547 4578 685 4662; x_wconf 82' lang='lat' dir='ltr'>ephebus</span> <span class='ocrx_word' id='word_1_384' title='bbox 705 4575 932 4666; x_wconf 76' lang='grc' dir='ltr'><em>Ἀπολλοφάνης</em></span> <span class='ocrx_word' id='word_1_385' title='bbox 950 4577 1101 4667; x_wconf 73' lang='grc' dir='ltr'><em>Εὐφήμου</em></span> <span class='ocrx_word' id='word_1_386' title='bbox 1129 4580 1294 4667; x_wconf 85' lang='grc' dir='ltr'><em>Σφήττιος.</em></span> <span class='ocrx_word' id='word_1_387' title='bbox 1338 4583 1397 4651; x_wconf 89' lang='lat' dir='ltr'>Vel</span> 
     </span>
     <span class='ocr_line' id='line_1_39' title="bbox 161 4688 1397 4783; baseline 0 -28"><span class='ocrx_word' id='word_1_388' title='bbox 161 4689 222 4758; x_wconf 86' lang='lat' dir='ltr'>hoo</span> <span class='ocrx_word' id='word_1_389' title='bbox 244 4690 399 4772; x_wconf 87' lang='lat' dir='ltr'>congruit</span> <span class='ocrx_word' id='word_1_390' title='bbox 421 4726 463 4737; x_wconf 92' lang='lat'><em>-</em></span> <span class='ocrx_word' id='word_1_391' title='bbox 493 4688 542 4758; x_wconf 81' lang='lat' dir='ltr'>Vs.</span> <span class='ocrx_word' id='word_1_392' title='bbox 563 4694 592 4753; x_wconf 93' lang='lat'>7.</span> <span class='ocrx_word' id='word_1_393' title='bbox 616 4691 648 4756; x_wconf 86' lang='grc'><strong>8.</strong></span> <span class='ocrx_word' id='word_1_394' title='bbox 681 4688 784 4783; x_wconf 72' lang='lat' dir='ltr'>TQuod</span> <span class='ocrx_word' id='word_1_395' title='bbox 805 4690 846 4755; x_wconf 92' lang='lat' dir='ltr'>ad</span> <span class='ocrx_word' id='word_1_396' title='bbox 868 4689 965 4759; x_wconf 85' lang='lat' dir='ltr'>verba</span> <span class='ocrx_word' id='word_1_397' title='bbox 986 4688 1035 4751; x_wconf 83' lang='grc' dir='ltr'>Διῒ</span> <span class='ocrx_word' id='word_1_398' title='bbox 1054 4695 1173 4778; x_wconf 74' lang='grc' dir='ltr'><em>σωτῆρι</em></span> <span class='ocrx_word' id='word_1_399' title='bbox 1195 4691 1327 4781; x_wconf 75' lang='grc' dir='ltr'><em>ἐφήβων</em></span> <span class='ocrx_word' id='word_1_400' title='bbox 1350 4698 1397 4769; x_wconf 61' lang='grc' dir='ltr'>νει</span> 
     </span>
     <span class='ocr_line' id='line_1_40' title="bbox 1224 4795 1242 4849; baseline 0 0"><span class='ocrx_word' id='word_1_401' title='bbox 1224 4795 1242 4849; x_wconf 82' lang='lat'>8</span> 
     </span>
    </p>
   </div>
   <div class='ocr_carea' id='block_1_5' title="bbox 0 0 1763 5296">
    <p class='ocr_par' dir='ltr' id='par_1_5' title="bbox 0 0 1763 5296">
     <span class='ocr_line' id='line_1_41' title="bbox 0 0 1763 5296; baseline 0 0"><span class='ocrx_word' id='word_1_402' title='bbox 0 0 1763 5296; x_wconf 95' lang='lat' dir='ltr'> </span> 
     </span>
    </p>
   </div>
  </div>
 </body>
</html>
