3490 5296
868 398 1102 470 -mo-

372 592 510 659 sednon
533 594 635 674 ipsum
658 590 788 656 Athenis
811 610 914 657 coram
937 591 1042 660 fuisse.
1087 594 1191 675 Atque
1213 593 1337 659 omnino
1365 593 1441 660 illud
1465 595 1597 661 Athenis

372 710 439 770 tum
462 703 612 787 temporis
634 702 759 768 licuisse
784 721 820 767 ex
843 701 1035 783 reipublicae
1057 703 1227 785 institutis,
1254 709 1291 769 ut
1312 705 1382 787 quis
1410 706 1523 771 absens
1551 726 1598 771 ar·

371 816 492 883 chontis
515 815 657 898 eponymi
678 832 791 879 munus
813 813 1056 889 administraret,
1079 816 1289 897 conprobatur
1304 817 1443 897 exemplo
1460 817 1596 881 Dometi-

371 928 423 992 oni
450 927 646 1007 imperatoris
674 924 736 1011 (Cf.
765 926 946 991 Philostrat.
978 926 1032 992 vit.
1062 926 1202 1008 Apollon.
1232 933 1267 1008 8,
1298 929 1358 1010 16).
1403 910 1599 1010 Quamquam

371 1040 464 1105 etiam
487 1039 518 1103 in
541 1037 699 1103 Philistor.
728 1039 754 1118 Ι,
778 1042 848 1117 328,
874 1044 909 1102 11
936 1039 1072 1103 occurrit
1092 1037 1239 1103 formula:
1266 1037 1324 1101 »ἐν
1353 1046 1406 1123 τῷ
1434 1038 1497 1101 ἐπὶ
1526 1038 1598 1121 (Me-

372 1148 522 1234 νάνόροο)
545 1149 744 1238 ἄρχοντος
772 1148 979 1234 toruosque
1009 1150 1083 1214 item
1108 1150 1149 1230 ΙΙ,
1175 1154 1249 1214 187:
1279 1149 1319 1212 ἐν
1342 1156 1394 1234 τῷ
1417 1149 1475 1212 ἐπὶ
1503 1146 1599 1231 (Ἀιιο

370 1259 509 1347 inferior)
532 1259 612 1348 ἅρχ.
636 1260 701 1344 ἐν.;
732 1261 808 1326 item
830 1261 889 1337 III,
913 1265 984 1341 359,
1009 1266 1042 1325 3:
1066 1260 1099 1323 ἐν
1121 1283 1145 1324 τ.
1169 1258 1216 1322 ἐπὶ
1240 1259 1414 1348 (Ζήνωνος)
1431 1259 1517 1348 ἄρχ.
1535 1259 1599 1341 ε’ν.;

371 1372 430 1453 III,
453 1376 524 1452 350,
549 1377 581 1436 l:
611 1371 649 1434 ἐν
672 1394 697 1435 τ.
721 1371 746 1436 ἐ.
776 1369 826 1453 (Π.
850 1370 950 1434 Αἰλίου
974 1367 1145 1456 Ἀδριανοῦ)
1168 1369 1248 1458 cipp.
1269 1370 1314 1437 ἐν.
1360 1373 1408 1436 An
1431 1376 1464 1435 et
1490 1372 1525 1435 hi
1547 1372 1601 1437 ab·

371 1488 475 1548 sentes
497 1481 597 1547 functi
620 1487 694 1548 sunt
716 1483 874 1549 archontis
897 1484 1049 1548 munere?
1092 1484 1173 1549 Utut
1194 1501 1244 1547 res
1276 1500 1309 1547 se
1337 1482 1448 1563 habet,
1478 1500 1600 1550 conme-

370 1594 544 1658 moratione
566 1594 676 1674 utique
704 1598 754 1659 est
782 1594 910 1675 dignum
937 1592 1020 1675 quod
1048 1594 1080 1658 in
1109 1593 1208 1657 titulis
1231 1593 1299 1659 Deli
1323 1594 1447 1659 Atticae
1476 1610 1601 1675 semper

372 1703 503 1769 dicitur:
528 1703 568 1767 ἐν
591 1712 645 1788 τῷ
668 1703 726 1766 ἐπὶ
749 1706 812 1767 τοῦ
836 1703 973 1773 δεῖνος
994 1702 1183 1791 ἄρχοντος
1206 1702 1386 1789 ἐνιαυτῷ.

456 1812 512 1877 Ad
523 1838 551 1880 ο.
567 1817 613 1881 15.
637 1814 867 1899 Διονύσιο[ς].
891 1814 925 1879 C.
938 1814 963 1879 Ι.
976 1819 1069 1880 2296.
1092 1814 1164 1879 Non
1174 1814 1236 1879 huc
1246 1802 1454 1881 revocandum
1466 1815 1600 1898 Ephem.

371 1928 454 1994 arch.
479 1931 580 1993 4035:
605 1925 653 1989 ἐπὶ
675 1925 827 2014 ἄρχοντος
848 1924 1017 2004 Διονυσίου,
1038 1926 1066 1990 is
1088 1925 1169 1991 enirn
1189 1927 1352 2008 posterior.
1389 1924 1502 2009 Neque
1522 1927 1600 1992 diiu-

371 2038 537 2104 dicaverint
565 2057 639 2103 num
667 2043 789 2120 spectet
814 2039 876 2103 huc
898 2035 1029 2120 Ephem.
1057 2037 1140 2103 arch·
1165 2042 1240 2103 365:
1270 2036 1333 2117 ἐπ]ὶ
1355 2035 1514 2100 Διονυσίου
1544 2037 1599 2124 ἄρ-

365 2169 495 2237 porcam
525 2149 602 2215 satis
630 2149 760 2230 vulgare
789 2154 838 2214 est
866 2167 978 2213 nomen
1004 2148 1138 2228 ideoque
1166 2148 1259 2214 etiam
1289 2149 1319 2214 in
1351 2150 1485 2215 nummis
1515 2148 1600 2232 apud

370 2259 468 2326 Beule
490 2260 509 2326 l.
531 2259 551 2326 l.
573 2260 756 2340 saepissime
778 2260 945 2342 reperitur.
1516 2336 1519 2342 ¹

454 2368 510 2433 Ad
531 2393 559 2436 α.
582 2372 631 2435 16.
668 2369 944 2457 θεοὸωρὶὂη(ς).
980 2369 1067 2435 Adeo
1089 2370 1165 2434 nihil
1187 2371 1226 2435 de
1247 2369 1307 2438 hoe
1329 2371 1456 2438 aliunde
1471 2376 1597 2438 constat

369 2487 406 2548 ut
427 2481 476 2548 vel
498 2500 610 2547 nomen
633 2481 735 2547 adhue
758 2483 790 2546 iu
813 2483 1012 2548 onomasticis
1034 2481 1238 2547 desideretur.

453 2591 509 2657 Ad
530 2618 560 2659 a.
580 2595 627 2658 17.
662 2593 849 2677 Διότιμος.
887 2593 980 2675 Apud
995 2591 1092 2657 Beule
1113 2592 1134 2655 l.
1149 2592 1169 2656 l.
1192 2611 1262 2674 pag.
1282 2597 1352 2673 192,
1378 2599 1447 2670 193,
1464 2597 1536 2661 268.

453 2704 509 2768 Ad
530 2728 559 2770 a.
577 2707 628 2770 18.
662 2701 801 2768 Ἰάσων.
840 2704 965 2770 Archon
986 2705 1018 2768 in
1039 2702 1169 2786 Ephem.
1193 2704 1278 2768 arch.
1303 2708 1385 2768 1457
1408 2704 1447 2770 ab
1470 2705 1529 2771 hoe
1551 2706 1598 2770 di-

368 2835 494 2898 versus3
516 2834 618 2898 neque
639 2817 742 2881 minus
764 2817 797 2881 in
814 2814 944 2898 Ephem.
960 2815 1045 2882 arch.
1064 2819 1161 2880 1458:
1184 2814 1227 2880 ibi
1242 2815 1324 2881 enim
1340 2816 1502 2881 etiamtum
1520 2819 1597 2883 scri-

367 2929 454 2996 bitur
476 2926 613 2992 ὃεκιίτει
636 2931 692 3015 τῆς
715 2926 910 3013 πρυτανείας.
945 2927 992 2993 De
1007 2927 1119 2992 Iasone
1141 2926 1226 3010 apud
1241 2927 1358 2992 Pittak.
1374 2926 1462 2994 Pane.
1478 2927 1594 3015 Athdn.

366 3058 437 3122 pag.
463 3040 523 3105 145
551 3039 629 3105 nihil
651 3039 824 3105 statuerim.
867 3039 960 3120 Apud
982 3036 1081 3105 Beuld
1102 3039 1122 3104 l.
1145 3039 1166 3104 l.
1188 3057 1218 3121 p.
1242 3043 1314 3116 243,
1338 3044 1408 3105 380.

452 3148 509 3214 Ad
527 3174 557 3214 a.
577 3152 625 3216 19.
661 3148 794 3220 Νικίας.
829 3148 864 3215 G.
881 3150 905 3214 I.
929 3156 991 3214 477
1016 3151 1070 3232 (--
1085 3150 1159 3217 Pitt.
1183 3148 1271 3217 l'anc.
1290 3151 1362 3216 Ath.
1385 3169 1416 3232 p.
1435 3153 1508 3235 115)
1527 3152 1596 3217 »ἐπὶ

367 3265 519 3353 ἄρχοντος
547 3262 647 3326 Νικίου
676 3264 730 3326 τοῦ
760 3260 969 3348 Σαραπίωνος
990 3257 1200 3346 ’adpraedam
1232 3263 1287 3345 qui
1316 3263 1427 3327 titulus
1454 3282 1537 3329 anno
1566 3283 1593 3330 a.

367 3375 440 3442 Chr.
456 3380 496 3440 27
519 3375 605 3458 prior
619 3391 688 3440 esse
704 3373 820 3456 nequit.
854 3373 1030 3439 Boechhius
1046 3378 1151 3439 autern
1167 3392 1205 3438 ex
1219 3373 1421 3455 inscriptione
1436 3372 1471 3439 0.
1489 3373 1514 3439 Ι.
1532 3379 1594 3440 312

334 3540 337 3562 2
366 3485 548 3554 adcuratius
571 3503 687 3552 annum
710 3483 865 3565 definivit;
887 3485 999 3551 cadere
1021 3485 1103 3549 eninr
1121 3482 1187 3550 fere
1202 3485 1284 3549 intra
1302 3502 1400 3550 annos
1417 3489 1453 3549 11
1472 3502 1501 3549 a.
1519 3484 1594 3551 Chr.

367 3634 409 3646 -
435 3604 450 3664 1
475 3618 506 3681 p.
530 3598 604 3664 Chr.
642 3598 754 3680 Itaque
776 3597 816 3662 ab
838 3596 897 3663 hoc
912 3596 1003 3662 Nicia
1025 3596 1167 3661 diversus
1189 3595 1294 3662 fuerit.
1332 3595 1395 3662 Sed
1416 3596 1522 3676 potuit
1544 3597 1595 3662 de

367 3708 481 3775 dicatio
504 3713 591 3775 stoae
615 3707 663 3790 (C.
686 3708 711 3772 Ι.
734 3701 811 3793 477)
840 3706 944 3789 paullo
966 3707 1123 3789 posterior
1147 3706 1270 3772 demum
1297 3706 1381 3774 facto.
1408 3724 1492 3783 esse,
1523 3727 1594 3774 curn

366 3838 445 3903 opus
468 3820 551 3886 omni
573 3838 611 3885 ex
632 3824 723 3902 parte
746 3824 830 3884 esset
852 3817 1035 3902 perfectum.
1073 3818 1178 3883 Etiam
1199 3819 1231 3883 in
1245 3818 1377 3901 Ephem.
1400 3818 1485 3884 arch.
1509 3822 1593 3885 2583

364 3931 496 4013 legitur:
519 3929 566 3993 ἐπὶ
580 3929 699 3994 Νεοιίου
715 3930 875 4019 ἄρχοντος,
899 3935 932 3996 et
945 3930 979 3994 in
993 3949 1042 3996 no.
1059 3933 1160 3995 2603:
1176 3927 1224 3993 ἐπὶ
1239 3929 1396 4010 Numina?
1417 3927 1591 4019 ἅρχοντος].

367 4043 412 4109 Αυ
433 4060 473 4107 ne
495 4042 534 4108 de
555 4041 605 4107 his
626 4042 752 4123 quidem
773 4042 873 4108 habeo
896 4041 971 4123 quid
994 4046 1142 4108 statuam.

452 4150 508 4215 Ad
528 4147 557 4217 α’.
581 4155 635 4217 20.
677 4149 878 4240 Ἰσιγένης,
909 4153 1031 4235 dequo
1054 4151 1180 4218 aliunde
1201 4171 1263 4218 non
1285 4156 1417 4218 constat.

450 4265 506 4328 Ad
527 4289 556 4332 ο.
580 4269 629 4331 21.
674 4267 839 4348 Superest:
869 4314 1004 4334 .....
1030 4268 1284 4345 ΙΟΗΤ....
1333 4265 1471 4331 Dubium
1500 4266 1592 4347 quale

365 4395 477 4443 nomen
513 4378 740 4444 restituendum
784 4380 835 4443 sit.
887 4376 1155 4460 simplicissimum
1197 4377 1425 4458 explementum
1466 4376 1592 4442 videtur

367 4476 828 4572 Pollttllt‘lhhuhc,
858 4530 901 4542 -
927 4493 1018 4559 Hunc
1040 4491 1167 4576 quidem
1189 4491 1340 4557 hebernus
1368 4490 1400 4554 in
1422 4488 1456 4554 0.
1479 4489 1505 4555 I.
1530 4493 1590 4554 265

366 4601 412 4696 (ἐν
436 4605 483 4699 τῷ
505 4602 553 4667 ἐπὶ
580 4603 739 4696 βασιλέως
759 4601 958 4702 Ῥυιμοτιίλιια
986 4603 1137 4703 ἄρχοντος
1166 4596 1333 4696 ἐνιαυτῷ),
1363 4601 1417 4670 ubi
1437 4600 1590 4672 Franzius
