3490 5296
655 426 888 487 -139-

245 611 356 679 Restat
378 614 414 676 ut
435 609 474 678 de
496 609 628 693 singulis
650 609 820 675 videamus.
865 610 956 687 Quod
978 609 1161 694 priusquam
1183 610 1309 692 faciam,
1331 611 1384 676 ad-

158 725 234 787 noto
256 719 323 787 fere
345 721 449 787 omnia
469 720 555 787 haec*
568 719 753 788 archontum
775 720 901 785 nomina
916 739 1080 788 occurrere
1093 721 1126 787 in
1141 722 1275 788 nummis
1290 723 1385 791 Athe

157 832 315 897 niensium
337 816 420 912 apud
435 831 533 897 Beuld
558 832 622 899 »les
644 831 805 898 monnaies
828 830 1035 908 d’Athenes«;
1057 833 1142 915 quod
1165 850 1222 899 suo
1244 833 1312 902 loco
1334 851 1385 901 us·

157 959 220 1023 que
248 941 403 1008 indicabo.
455 942 537 1009 Sane
566 943 620 1008 aiii
653 941 779 1024 quidem
810 943 995 1009 archontum
1028 961 1251 1026 eponymorurn
1283 963 1321 1011 ea
1352 945 1385 1011 in

157 1052 296 1118 nummis
318 1053 409 1121 obvia
430 1056 568 1131 nomina,
598 1053 651 1120 alii
672 1058 778 1120 autem
800 1055 968 1121 voluerunt
989 1054 1219 1136 praefectorum
1241 1061 1385 1124 monetae

157 1182 245 1230 esse:
268 1183 330 1230 non
352 1164 477 1248 ignoro;
505 1183 607 1246 neque
630 1163 710 1248 fugit
733 1184 782 1230 mo
804 1165 946 1232 Eckhelii
968 1167 1137 1244 sententia,
1167 1169 1311 1234 omnibus
1332 1168 1386 1233 ad·

157 1281 268 1342 curate
299 1277 442 1358 expensis
472 1277 550 1342 nihil
578 1276 740 1359 probabile
765 1276 824 1344 hac
851 1277 890 1344 de
917 1296 951 1344 ra
980 1277 1096 1344 adferri
1123 1297 1225 1361 posse.
1269 1279 1386 1345 Tamen

157 1406 282 1463 censeo,
305 1388 332 1453 si
354 1388 600 1471 quotiescunque
622 1387 807 1455 archontum
829 1388 1026 1470 quorundam
1051 1389 1176 1455 nomina
1197 1390 1229 1455 in
1251 1391 1386 1456 nummis

158 1498 295 1565 redeant
323 1499 474 1565 adcurate
495 1499 528 1564 id
551 1518 674 1582 semper
696 1503 838 1565 notatum
861 1499 940 1581 erit,
969 1500 1095 1567 tandem
1120 1500 1288 1582 aliquando
1319 1499 1385 1566 fore

155 1614 193 1674 ut
216 1610 314 1676 etiam
336 1609 408 1676 huic
431 1611 478 1676 rei
499 1609 553 1675 lux
574 1608 743 1677 adferatur.

244 1718 302 1783 Ad
321 1744 350 1786 a.
375 1724 426 1786 12:
447 1722 543 1805 periit
563 1741 676 1789 nomen
698 1741 755 1789 neo
778 1722 905 1789 aliunde
927 1728 1060 1790 constat.

244 1830 302 1896 Aa
323 1856 353 1898 a.
379 1834 428 1900 13.
472 1835 553 1900 Item
575 1853 687 1901 nomen
715 1836 823 1918 periit,
852 1840 886 1900 at
906 1835 1033 1901 restitui
1062 1852 1154 1918 posse
1182 1851 1304 1901 censeo.
1349 1836 1385 1901 In

157 1943 253 2010 tituto
281 1944 365 2030 (Deli
395 1943 533 2028 Atticae)
562 1945 596 2013 O.
627 1947 651 2012 1.
683 1951 766 2012 2295
795 1946 926 2029 legitur:
959 1943 1052 2015 Fato<
1084 1943 1178 2009 Γαΐου
1212 1942 1385 2035 Ἀχαρνεύς,

155 2054 263 2141 ἱερεὺς
291 2055 460 2140 γενόμενος
485 2055 518 2120 ἐν
547 2064 594 2142 τῷ
622 2057 670 2121 ἐπὶ
698 2055 833 2120 Ναυτίου
862 2056 1014 2146 ἄρχοντος
1040 2056 1173 2142 ἐνιαυτῷ
1201 2056 1261 2120 κτλ.
1306 2055 1386 2122 Cum

155 2185 232 2232 vero
255 2167 337 2232 idem
364 2168 456 2233 homo
485 2169 517 2233 in
545 2169 593 2233 tit.
618 2167 653 2234 0.
676 2169 702 2233 Ι.
728 2172 812 2233 2296
840 2167 1040 2250 praedicetur
1070 2167 1193 2252 »ἱερεὺς
1220 2166 1387 2252 γενόμενος

154 2275 188 2340 ἐν
212 2284 262 2361 τῷ
285 2275 583 2341 ἐπΙΔιυνυσίυυτυῦ
603 2278 684 2362 μετὰ
698 2276 847 2342 Λυκίσκον
870 2277 1023 2366 ἄρχοντος
1037 2275 1203 2364 ἐνιαυτῷ,1
1228 2278 1279 2344 vix
1293 2278 1386 2344 nimis

155 2391 263 2454 audax
286 2389 409 2469 videar,
438 2389 465 2454 si
490 2389 641 2455 Nausiam
669 2389 798 2472 Lycisco
825 2393 858 2455 et
883 2389 1032 2473 Dionysio
1058 2388 1260 2456 archontibus
1284 2389 1382 2473 proxi·

153 2518 242 2565 mum
266 2498 473 2566 antecessisse
495 2500 596 2566 velim.
636 2500 748 2582 Itaque
769 2500 800 2565 in
823 2499 934 2566 tabula
956 2517 1053 2582 supra
1073 2499 1231 2583 descripta
1245 2499 1286 2566 ad
1301 2518 1328 2565 a.
1346 2505 1385 2566 13

152 2610 292 2677 restitui.

242 2717 299 2783 Ad
314 2742 344 2784 a.
363 2722 412 2786 th.
447 2718 651 2790 Λυκίσκος.
685 2720 732 2786 Da
746 2720 805 2786 hoc
820 2738 917 2802 supra
931 2721 993 2786 iam
1009 2720 1153 2787 diximus.
1187 2721 1385 2789 idemetiam

153 2831 241 2916 apud
265 2830 466 2897 Pittakisium
489 2810 579 2896 l'ano.
603 2829 744 2896 Athenes
765 2849 836 2914 pag.
860 2835 937 2896 512:
965 2831 994 2893 oi
1015 2831 1236 2923 reparabat—ot
1258 2830 1306 2896 ἐπὶ
1327 2831 1384 2896 Λυ-

153 2941 260 3005 κίσκου
283 2940 443 3030 ἄρχοντος.
482 2941 569 3007 Idem
593 2941 726 3023 denique
748 2941 840 3007 horno
861 2942 894 3006 in
916 2960 1043 3008 nummo
1061 2942 1172 3008 Athen.
1189 2944 1273 3026 apud
1289 2943 1385 3010 Beuld

152 3052 172 3118 l.
195 3053 218 3119 1.
242 3071 315 3134 pag.
334 3056 405 3118 360.
429 3052 605 3119 -Nescio
628 3071 668 3118 an
690 3051 838 3116 momenti
857 3051 900 3116 sit
924 3052 1008 3134 quod
1029 3051 1110 3118 Delii
1133 3053 1217 3118 tituli
1237 3073 1300 3120 non
1322 3073 1386 3119 om·

151 3183 210 3230 nes
234 3165 366 3230 eandem
388 3164 544 3246 temporis
566 3164 667 3229 notati
681 3162 847 3229 formulam
861 3163 894 3227 in
909 3163 1112 3246 praescriptis
1126 3182 1203 3246 praa
1218 3182 1252 3230 se
1266 3163 1385 3230 ferunt:

153 3386 342 3470 ἐνιαυτῷ.
387 3387 468 3451 Item
497 3386 529 3449 in
552 3384 587 3451 C.
610 3386 635 3450 Ι.
658 3389 758 3451 2295:
787 3382 826 3447 ἐν
857 3381 912 3469 τῷ
941 3385 999 3448 ἐπὶ
1028 3383 1164 3448 Ναυσίυυ
1194 3385 1387 3474 ἄρχοντος

153 3496 341 3582 ἐνιαυτῷ.
387 3495 470 3562 Item
496 3496 529 3561 in
551 3494 586 3561 0.
609 3495 634 3560 Ι.
658 3499 756 3560 2287:
786 3493 826 3557 ἐν
854 3490 911 3580 τῷ
940 3493 1000 3557 ἐπὶ
1022 3493 1173 3582 Ζήνωνος
1193 3494 1387 3584 ἄρχοντος

153 3608 343 3693 ἐνιαυτῷ;
374 3611 482 3673 contra
509 3606 542 3671 in
570 3605 605 3672 C.
629 3607 654 3671 Ι.
678 3610 777 3670 2270:
807 3604 866 3669 ἐπὶ
890 3601 1099 3694 Ἀρισταίχμου
1122 3603 1325 3695 ἄρχοντυςς
1353 3607 1386 3672 in

153 3718 189 3784 0.
212 3720 238 3786 Ι.
263 3723 363 3784 22711
387 3717 447 3781 ἐπὶ
472 3715 621 3804 Φαιδρίου
644 3716 840 3806 ἄρχοντος.
885 3718 988 3782 Paene
1011 3715 1197 3782 crediderim
1218 3716 1303 3782 iliam
1325 3715 1387 3782 ior·

153 3830 272 3895 mutam
303 3847 364 3895 usu
393 3829 517 3896 venisse
546 3848 585 3895 ex
613 3846 674 3910 quo
702 3827 799 3894 Delus
830 3826 933 3893 insu'la
961 3826 1197 3893 Atheniensium
1231 3825 1387 3894 cheruchia

155 3939 242 4007 iacta
264 3940 322 4024 sit3
346 3945 379 4006 et
401 3938 577 4024 significare
601 3940 726 4004 videtur
748 3957 810 4004 non
826 3940 884 4004 sub
899 3938 967 4020 ipso
983 3938 1118 4022 quodam
1133 3938 1284 4004 archonte
1298 3938 1386 4022 quid·

155 4051 230 4115 dam
254 4051 417 4117 decretum
447 4056 504 4116 aut
531 4051 650 4117 factum
676 4067 745 4115 esse
774 4048 830 4115 sed
858 4050 964 4132 potius
993 4067 1029 4114 eo
1058 4067 1140 4114 anno
1168 4067 1230 4130 quo
1260 4050 1310 4115 hic
1336 4051 1389 4116 ilie

154 4162 273 4228 archon
297 4161 393 4227 fuerit
414 4162 560 4242 Athenis3
591 4162 708 4244 quippe
734 4161 953 4244 inscriptiones
983 4160 1055 4225 illae
1082 4161 1122 4228 ab
1145 4161 1388 4228 Atheniensibus

152 4273 186 4338 in
210 4272 315 4338 insula
337 4272 553 4338 habitantibus
576 4270 863 4354 proficiscebantur.
901 4271 989 4350 Quae
1012 4270 1189 4337 observatio
1212 4292 1248 4338 ea
1271 4291 1305 4338 re
1328 4270 1388 4339 ior·

154 4389 240 4450 tasse
272 4383 417 4449 firmatur
447 4383 531 4465 quod
562 4382 656 4448 etiam
686 4383 718 4446 in
741 4382 775 4447 C.
798 4382 822 4447 Ι.
846 4387 907 4448 265
935 4382 1065 4465 legitur:
1094 4382 1122 4443 υἱ
1151 4380 1388 4469 ἐφηβεύσαντες

152 4492 193 4556 ἐν
218 4502 272 4581 τῷ
294 4493 354 4557 ἐπὶ
375 4493 535 4574 βασιλέως
556 4490 754 4580 Ῥοιμητάλιια
776 4491 967 4581 ἄρχοντας
994 4491 1175 4577 ἐνιαυτῷ,
1206 4494 1260 4561 ubi
1289 4495 1385 4577 signi·

151 4602 263 4677 ficetur
293 4622 400 4694 regem
430 4606 681 4676 Ithoemetalcam
710 4604 833 4673 nomine
862 4604 987 4694 quidem
1015 4623 1051 4674 eo
1083 4622 1164 4672 anuo
1196 4604 1385 4689 archontem,
