3510 5304
668 466 880 527 ..53-

157 650 190 714 in
220 648 423 714 instituendis
454 647 663 714 Panhelleniis
692 648 842 730 originem
876 650 1003 714 duxisse
1033 650 1072 715 ab
1106 650 1390 733 quinquennalibus

156 759 220 825 illis
234 756 437 834 Eleutheris,
459 759 631 826 inmutasse
652 765 758 825 tamen
779 759 852 826 festi
870 765 908 826 'et
928 778 1041 826 nomen
1063 765 1096 826 et
1116 759 1229 841 locum,
1253 760 1390 843 ephebos

158 875 266 936 autem
293 876 431 937 veterem
456 870 530 936 festi
552 873 733 937 memoriam
759 872 810 955 pie
838 871 975 938 colentes
1004 872 1175 938 etiamtunc
1203 873 1313 938 eodem
1340 890 1389 938 us·

158 1000 221 1064 qne
244 986 384 1064 tempore
406 1000 468 1063 quo
491 982 624 1049 Athenis
653 983 895 1049 celebrabantur
915 981 1117 1049 Panhellenia
1144 981 1301 1066 profectos
1323 1001 1392 1074 esse

158 1093 315 1158 Plataeas.
354 1090 428 1158 ¹Iam
453 1111 527 1159 vero
556 1094 610 1174 qui
640 1099 690 1159 est
718 1093 769 1160 ille
787 1092 985 1169 ,Plataeensis
1017 1091 1198 1176 νδιιίλογοςι
1230 1096 1287 1159 aut
1315 1093 1391 1176 quid

159 1201 339 1285 significat?
382 1204 531 1270 Fortasse
553 1205 585 1269 in
607 1204 788 1271 memoriam
802 1204 998 1270 Plataeensis
1022 1204 1062 1270 de
1084 1204 1189 1270 Persis
1211 1208 1393 1287 reportatae

159 1313 312 1380 victoriae
334 1315 534 1397 omniumque
556 1316 749 1382 Graecorum
770 1315 804 1381 in
824 1315 1003 1382 libertatem
1019 1313 1240 1382 vindicationis
1262 1314 1390 1407 quidam

159 1444 199 1491 cx
228 1425 357 1505 ephebis
379 1430 438 1491 aut
466 1432 577 1507 sponte
607 1446 666 1493 sua
695 1430 751 1492 aut
779 1446 798 1492 a
824 1430 962 1492 cosmeta
984 1426 1063 1492 inssi
1085 1426 1242 1491 orationes
1265 1424 1394 1491 demon:

159 1536 310 1601 strativas
332 1535 382 1602 vel
402 1539 608 1620 panegyricas
638 1537 693 1603 illa
714 1537 878 1605 occasione
899 1537 945 1601 ita
973 1536 1133 1603 habebant
1162 1541 1199 1601 ut
1226 1553 1263 1602 se
1284 1534 1391 1620 plures

157 1647 243 1712 iuter
262 1665 296 1714 se
318 1648 497 1730 exciperent
518 1649 550 1715 in
568 1648 709 1730 dicendo,
732 1649 816 1732 quod
832 1649 987 1715 vocabant
1001 1645 1176 1730 διάλογον.1
1213 1628 1301 1725 Quae
1323 1662 1392 1710 sen·

158 1759 261 1824 tentia
288 1777 351 1825 non
378 1777 508 1839 prorsus
538 1779 558 1825 a
589 1778 663 1827 vero
694 1760 797 1826 aliena
825 1778 895 1826 esse
918 1759 1077 1835 uideatur,
1107 1757 1293 1840 praesertim
1320 1775 1392 1823 cum

159 1870 258 1936 ctiam
281 1869 351 1936 aliis
374 1871 591 1937 occasionibus
613 1871 735 1937 ludisve
757 1870 798 1938 ab
827 1870 956 1965 ephebis
986 1869 1144 1936 orationes
1173 1886 1242 1934 esse
1267 1867 1393 1958 habitas

160 1974 334 2047 doceamur
356 1981 448 2048 titulo
472 1980 537 2048 dcl.
561 1982 614 2065 IV,
632 1987 704 2059 344,
728 1987 756 2064 2,
780 1982 835 2048 ubi
856 2000 901 2047 vs.
920 1985 961 2048 68
983 1997 1050 2062 sqq.
1073 1978 1154 2068 (Col.
1169 1979 1232 2063 ΙΙΙ)
1255 1977 1301 2045 sic
1323 1996 1394 2045 con·

159 2092 241 2175 pleri
263 2092 344 2170 volo,

687 2204 844 2289 [λόγους
864 2224 1039 2291 προτρε-

319 2315 482 2385 πτικοὺς
503 2314 613 2380 εἷπον
636 2315 835 2402 Κολλίφῇοιον
857 2314 983 2401 Προτεί·

315 2449 378 2509 μου
401 2427 450 2490 καὶ
471 2424 550 2490 Στά.
566 2423 808 2516 Ἀθηνογένηῂ.
819 2427 904 2497 τοῖς

320 2536 471 2607 ninom
492 2542 567 2601 τῶν
590 2536 750 2626 ἐφήβων
772 2538 923 2621 Idyma<
945 2540 1055 2601 εἶπον

320 2646 373 2712 da
406 2642 604 2735 Ἡλιόδωρος,
629 2648 683 2714 dl.
716 2648 930 2737 Μηνοχῇἰρης,

319 2756 507 2843 Κολλίφρων
529 2756 715 2844 Προτείμοο,
737 2757 813 2825 Στά.
837 2755 938 2846 [huq-

323 2869 467 2958 νογένρς·
490 2877 546 2955 τῷ
570 2870 660 2955 περὶ
682 2868 804 2956 ἀλκῆς
824 2868 880 2956 (sc.
903 2867 1018 2951 λόγον
1041 2864 1165 2954 εἶπεν)

610 2979 769 3066 Αὐρήλιος
783 2976 976 3067 Ἀλκαμένης.

161 3091 226 3159 Sed
248 3093 328 3159 satis
350 3111 434 3160 nunc
455 3094 516 3160 hac
539 3093 579 3158 de
601 3111 645 3159 re.

249 3205 427 3272 Secundum
443 3210 585 3273 nostram
601 3204 834 3285 inscriptionem
849 3202 966 3285 singuli
987 3200 1100 3284 ephebi
1114 3206 1230 3276 ternos,
1253 3201 1397 3284 magistri

160 3317 360 3398 ministrique
385 3317 497 3400 quinos
520 3317 666 3384 denarios
687 3316 721 3382 in
742 3315 797 3382 illa
819 3315 969 3398 pecuniae
992 3314 1213 3381 distributione
1228 3313 1395 3396 accipiunt.

162 3428 286 3493 Contra
308 3428 340 3493 in
364 3426 428 3492 dur.
450 3429 506 3508 IV,
531 3433 601 3509 547,
626 3433 644 3493 2
669 3428 725 3498 τὰς
745 3425 897 3511 διανομὰς
917 3421 972 3489 ἐπ’
996 3424 1082 3512 ἴσης
1107 3424 1192 3488 οἵτε
1215 3420 1331 3510 ἔφηβοι
1352 3425 1401 3487 καὶ

162 3539 191 3602 οἱ
226 3540 296 3624 περὶ
333 3540 367 3603 τὸ
398 3538 571 3623 Διογένειον
604 3540 762 3622 accepisse
791 3539 948 3605 dicuntur.
1003 3536 1116 3618 Itaque
1149 3553 1212 3601 non
1248 3539 1398 3601 constans

162 3648 336 3731 eademque
358 3668 481 3733 semper
503 3651 714 3717 distribuendi
735 3649 816 3716 ratio
838 3648 907 3714 fuit.
929 3683 972 3694 -
1058 3655 1062 3660 ’
1342 3732 1345 3735 ¹

255 3760 307 3827 Vc.
330 3763 385 3826 40.
420 3767 450 3835 ll
482 3761 639 3845 significat
660 3760 833 3828 denarium.
878 3760 1107 3840 Imperatorum
1129 3760 1234 3823 aetate
1263 3756 1297 3821 in
1319 3754 1401 3821 Atti·

161 3875 208 3943 cis
238 3875 339 3940 titulis
368 3876 468 3942 omnis
496 3874 679 3958 conputatio
707 3873 745 3940 fit
774 3872 910 3939 denariis
939 3867 1002 3950 (cl.
1032 3868 1145 3934 Franz.
1177 3867 1265 3934 elem.
1299 3867 1399 3949 epigr.

160 4004 235 4070 pag.
259 3980 349 4070 351).

255 4094 307 4159 Va.
330 4097 383 4161 45.
419 4095 499 4163 Cum
514 4096 637 4164 dicatur
655 4093 690 4160 ἐκ
711 4098 773 4158 τῶν
796 4095 955 4179 περισσῶν
977 4091 1039 4156 ιιτλ.
1063 4095 1097 4158 et
1120 4089 1183 4154 Φιλ.
1206 4090 1262 4172 lv,
1286 4092 1359 4166 272,
1379 4093 1398 4154 3

232 4314 242 4345 ¹
259 4313 417 4380 Praepositio
436 4311 489 4362 dra
506 4310 533 4362 in
550 4327 613 4364 voce
631 4310 797 4379 διάλογος
814 4317 898 4378 potest
915 4309 990 4361 ctiam
1008 4306 1150 4376 significare
1162 4306 1323 4369 certatim,
1341 4313 1402 4358 noto

161 4416 222 4463 usu,
241 4399 274 4450 de
291 4416 342 4465 quo
368 4398 399 4451 cf.
417 4398 512 4450 Ktistar
535 4397 569 4448 ad
586 4396 716 4465 Aristoph.
733 4399 820 4463 Equit.
847 4397 921 4452 1400.
948 4394 1012 4447 Bast
1028 4394 1076 4462 Ep.
1098 4393 1174 4446 critic.
1198 4394 1257 4449 215.
1292 4391 1404 4444 Diodori

161 4485 195 4537 ad
211 4484 342 4551 Aristoph.
360 4500 385 4550 p.
405 4483 465 4535 VIII
483 4500 540 4552 pag.
558 4483 618 4539 572.
639 4514 671 4524 -
689 4483 779 4535 Simile
800 4481 861 4549 qnid
884 4482 962 4533 habea
986 4482 1013 4532 iu
1034 4497 1095 4533 voce
1113 4476 1286 4532 διαδικασία.
1323 4476 1397 4540 Quod

163 4570 185 4625 si
201 4577 270 4622 recte
288 4569 430 4633 statuimus,
447 4568 540 4639 ephebi
557 4567 603 4622 illa
619 4568 755 4622 occasione
773 4565 973 4620 demonstrativis
985 4564 1140 4620 umbonibus
1154 4564 1219 4617 inter
1230 4579 1258 4615 se
1270 4570 1401 4617 certare

162 4656 285 4713 solebant
