3490 5296
742 989 821 1082 nr.

386 1161 450 1254 ln
480 1160 609 1258 conr.
638 1161 948 1262 nscnnuu·
973 1179 1061 1284 aa
1080 1178 1156 1259 aa

160 1400 251 1509 Corp.
270 1428 419 1510 Inscript.
441 1446 490 1496 no.
506 1431 568 1492 246
590 1445 652 1494 non
674 1447 780 1510 unum,
803 1428 836 1494 id
857 1427 942 1510 qnod
956 1427 1134 1495 Boeckhins
1149 1428 1293 1511 putabat,
1316 1445 1387 1494 oon·

157 1539 236 1605 tinet
259 1541 406 1621 titulum,
437 1540 491 1606 sed
513 1545 578 1607 tres
607 1542 689 1607 inter
717 1560 752 1609 se
779 1541 920 1608 diuersos
943 1541 1199 1624 diversorumque
1221 1557 1384 1607 annornm.

159 1648 292 1733 Sumpta
316 1655 365 1716 est
385 1650 546 1733 inscriptio
568 1651 608 1719 ab
630 1650 788 1717 Boeckhio
812 1670 849 1717 ex
871 1652 1054 1718 Fourmonti
1080 1651 1219 1736 schedis;
1249 1652 1387 1731 itemque

158 1760 322 1844 inscriptio
356 1760 390 1826 C.
422 1761 447 1827 Ι.
481 1781 531 1828 no.
554 1766 631 1842 285,
668 1780 748 1846 quae
781 1767 814 1828 et
846 1763 916 1845 ipsa
947 1782 1010 1830 non
1042 1781 1140 1828 unum
1172 1761 1388 1828 tantummodo

159 1870 287 1936 titulum
318 1871 535 1955 conplectitur.
584 1872 677 1955 Apud
708 1874 901 1940 Boeckhium
928 1891 993 1939 non
1014 1873 1137 1941 invenio
1167 1872 1250 1939 unde
1279 1873 1390 1938 titulos

159 2000 192 2049 se
222 1983 431 2065 descripsisse
453 1984 663 2050 Fourrnontus
691 1985 884 2052 indicaverit.
930 1985 994 2051 Sed
1016 2002 1123 2051 omnes
1144 1983 1202 2050 hos
1225 1983 1334 2049 titulos
1356 1982 1389 2048 in

159 2114 220 2161 nno
248 2095 360 2178 lapide
387 2097 522 2179 scriptos
552 2095 649 2162 fuisse
678 2097 825 2164 docemur
846 2117 903 2180 per
924 2095 1141 2176 Pittakisium,
1170 2093 1223 2178 qui
1252 2095 1284 2160 in
1309 2093 1390 2159 libro

162 2206 358 2273 »l'ancienne
388 2205 547 2273 Athones«
583 2227 654 2290 pag.
678 2213 740 2273 475
772 2226 839 2290 sqq.
875 2213 996 2291 septem
1029 2206 1132 2274 adfert
1159 2205 1389 2287 inscriptiones,

158 2334 239 2397 quae
255 2317 460 2383 inveniantur
484 2336 557 2383 »sur
581 2338 622 2383 un
637 2318 738 2401 grand
752 2319 944 2402 piedestalc:
967 2319 1025 2384 has
1041 2319 1123 2385 enim
1138 2318 1294 2402 adgnosse
1316 2315 1391 2381 mihi

161 2428 271 2494 uideor
296 2448 351 2495 eas
374 2448 443 2495 esse
458 2430 552 2512 ipsas,
574 2447 653 2512 quas
667 2429 843 2496 Boeckhius
866 2448 904 2493 ex
925 2429 1108 2495 Fourmonti
1130 2428 1253 2495 schedis
1279 2427 1392 2510 repeti-

159 2542 204 2608 vit
226 2540 278 2627 (O.
305 2542 331 2607 I.
355 2547 427 2623 246,
451 2541 536 2627 285).
581 2543 647 2607 Iam
671 2543 783 2608 collato
805 2542 864 2608 hoc
883 2541 1091 2608 Pittakisiano
1113 2537 1294 2623 apographo
1316 2537 1392 2619 quid

160 2651 199 2717 de
220 2653 326 2718 titulis
355 2653 418 2718 illis
441 2654 642 2719 statuendum
665 2653 778 2736 quidve
801 2654 843 2718 sit
865 2652 1092 2719 emendandum
1115 2653 1164 2718 vel
1186 2648 1392 2733 conplendum

159 2782 241 2830 nunc
265 2764 460 2831 docebimus.
497 2765 590 2830 Prius
612 2770 719 2832 autem
740 2766 866 2831 videtur
881 2784 950 2831 esse
965 2762 1154 2830 monendum
1177 2767 1209 2829 et
1221 2762 1391 2827 Fourmon·

160 2878 227 2939 turn
247 2880 281 2940 et
297 2875 499 2940 Pittakisium
521 2895 643 2942 summa
664 2877 863 2959 neglegentia
878 2876 1089 2958 descripsisse,
1105 2879 1201 2957 atque
1215 2872 1294 2939 adeo
1308 2871 1392 2937 hune

160 2986 289 3068 quidem
306 2985 352 3050 ita
367 2989 485 3053 temere
507 2992 543 3053 ut
565 2987 718 3070 quosdam
740 2988 849 3054 titulos
872 2988 924 3052 vix
946 2986 1131 3070 adgnosces.
1169 2984 1274 3051 Nihilo
1290 2984 1392 3050 secius

160 3096 232 3163 hinc
256 3096 334 3162 inde
356 3095 475 3178 aliquid
496 3100 614 3181 poterit
629 3099 705 3165 erui.
743 3098 788 3165 Ac
802 3098 938 3181 primurn
960 3097 999 3164 de
1015 3096 1049 3162 0.
1066 3097 1091 3163 Ι.
1107 3113 1156 3163 no.
1169 3099 1230 3160 246
1246 3095 1393 3161 dicemus.

535 3233 563 3300 I.
600 3231 703 3321 Gorga·
716 3233 869 3319 Iaooript.
892 3256 941 3297 no.
957 3236 1033 3300 ado.

246 3345 358 3412 Tertia
381 3345 525 3411 columna
547 3345 593 3412 ita
614 3365 649 3412 se
670 3346 776 3428 habet,

555 3502 1050 3581 11ι...οΔΑΛΚΙΔΛΜ

522 3639 793 3697 commune

727 3745 957 3821 ΕΦΗΒΟΙ

536 3879 739 3937 rucuoc

521 3983 1050 4062 ΟΕΜΙΣΤΟΚΛΗΣΚΑΙ

532 4113 1029 4190 ΝΛΚΙΔΑΜΟΣΟΙΑΛ

521 4241 1088 4317 ΙκΙΔΑΜΟΥΥΙΕΣΧΟΛ

518 4371 1087 4447 ΛΕΙΔΑΙΑΝΕΘΕΣΑΝ

698 4500 778 4572 ΔΙΙ

519 4624 1042 4705 ΣΩΤΗΡΙΕΦΗΒΩΝ

623 4756 946 4835 ΕΠΙΣΥΛΛΑ
