3510 5304
861 364 1074 426 ...42-

440 547 526 630 Lege
547 546 776 630 praescriptum
799 550 957 615 cosmetae
978 549 1105 617 videtur
1125 549 1223 617 fuisse
1245 555 1283 617 ut
1311 551 1491 636 catalogum
1519 569 1588 634 quo

355 659 410 742 qni
430 659 489 725 sub
512 659 580 739 ipso
602 659 635 723 in
656 661 819 741 gymnasio
850 680 907 742 per
938 679 1055 727 annum
1082 661 1288 743 magistratus
1320 668 1588 745 praeceptoresve

354 771 454 851 etqui
470 770 581 853 ephebi
596 768 722 836 fuerant
738 773 980 839 continebantur
994 772 1027 838 in
1041 775 1196 839 metroum
1212 773 1353 840 traderet
1365 772 1416 856 (cf.
1429 791 1497 857 cap.
1511 774 1586 853 IV).

354 880 503 947 Ceterum
524 882 570 948 eis
591 899 674 964 quae
695 883 956 966 Dittenbergerus
985 882 1005 949 l.
1028 883 1049 948 1.
1073 901 1143 965 pag.
1168 887 1294 949 29-33
1323 883 1458 966 primurn
1489 884 1585 951 adou-

352 997 423 1060 rate
444 998 477 1059 et
499 992 645 1060 distincte
667 994 727 1061 hoc
749 995 788 1061 de
803 996 992 1076 magistratu
1008 993 1158 1060 disseruit
1172 1013 1235 1060 non
1249 995 1350 1061 habeo
1366 995 1451 1077 quod
1465 995 1587 1061 addam

353 1109 409 1170 aut
432 1103 606 1183 detraham,
630 1105 691 1171 nisi
713 1105 797 1187 quod
819 1106 921 1173 adicio
944 1106 1039 1172 etiam
1061 1105 1286 1172 anticosmetae
1308 1106 1358 1172 vel
1379 1106 1585 1190 hypocosma·

352 1220 404 1282 tae
426 1234 541 1282 munus
563 1215 630 1283 fere
651 1235 775 1298 semper
795 1215 894 1283 fuisse
914 1214 1086 1282 annuum¹

444 1326 486 1390 Va
509 1328 539 1393 3.
574 1328 603 1391 ot
626 1329 835 1416 συνάρχοντες
855 1328 878 1393 11
901 1331 975 1393 sunt
996 1326 1051 1410 qni
1072 1345 1137 1393 una
1158 1344 1227 1393 cum
1243 1332 1381 1395 cosmeta
1400 1327 1433 1393 in
1454 1347 1582 1411 gymna-

352 1438 399 1504 sio
421 1439 609 1520 magistratu
637 1437 774 1519 quodam
798 1436 982 1520 iunguntur.
1027 1437 1065 1502 In
1091 1438 1140 1502 tit.
1165 1435 1305 1519 1111111,
1338 1443 1410 1519 344,
1433 1443 1451 1504 2
1483 1440 1580 1505 adcu-

351 1551 453 1616 ratius
482 1550 598 1615 dicitur
627 1549 700 1618 τοὺς
731 1547 858 1619 ἰδίους
885 1550 1116 1637 συνάρχοντας
1151 1554 1184 1615 et
1206 1546 1269 1613 dd.
1293 1550 1336 1630 ΙΙ,
1359 1554 1421 1616 428
1445 1549 1581 1640 ἀναστή-

351 1683 465 1732 σαντες
479 1653 533 1725 τόν
548 1684 583 1724 τε
599 1661 755 1748 κοσμητὴν
778 1661 826 1725 καὶ
848 1660 921 1729 τοὺς
940 1660 1155 1747 συνάρχοντας
1177 1659 1307 1727 αὐτοῦ.
1340 1660 1402 1726 Pro
1419 1661 1490 1731 τοὺς
1507 1684 1578 1725 συν·

350 1767 513 1863 οἱρχοντας
533 1772 661 1839 exhibet
682 1773 731 1838 tit.
756 1768 818 1838 rbi.
839 1771 865 1853 Ι,
889 1775 961 1852 384,
987 1776 1007 1835 4
1030 1769 1105 1841 τοὺς
1127 1768 1354 1855 συνάρξαντος,
1377 1775 1463 1855 quod
1485 1772 1580 1839 adeu-

349 1885 451 1951 ratius
473 1856 644 1967 respondet
665 1883 735 1949 voci
757 1882 830 1948 τοὺς
852 1880 1102 1969 ἐρυβεύσαντυς.
1147 1882 1292 1963 Denique
1314 1900 1371 1964 pro
1393 1882 1476 1952 τοὺς
1506 1905 1576 1946 συν-

350 1989 511 2085 άρχοντας
540 1994 697 2061 invenitur
729 1994 762 2059 in
794 1991 857 2058 dei.
881 1993 935 2074 IV,
960 1999 1032 2075 344,
1054 1999 1084 2060 4.
1108 1994 1163 2074 IV,
1189 1998 1302 2075 168,3
1333 1992 1407 2063 τοὺς
1439 1995 1511 2081 περὶ
1545 1997 1579 2058 τὸ

349 2107 532 2191 Διορένειον.
574 2105 768 2187 Diogeneion
791 2109 840 2170 est
861 2105 1054 2189 epheborum
1076 2105 1284 2188 gymnasium,
1314 2104 1495 2189 etquidem
1523 2106 1581 2171 im-

352 2223 536 2301 peratorum
563 2221 668 2282 aetate
696 2215 822 2281 unicum
844 2216 970 2282 videtur
997 2215 1104 2282 fuisse.
1128 2253 1170 2264 -
1213 2215 1295 2282 Item
1327 2220 1437 2281 nostra
1467 2215 1501 2284 in
1528 2216 1580 2282 in·

351 2328 522 2412 scriptione
543 2346 589 2393 ve.
614 2332 653 2392 17
678 2327 750 2397 τοὺς
779 2327 850 2412 περὶ
880 2327 914 2390 τὸ
935 2326 1108 2409 Διογένειαν
1131 2324 1263 2408 πάντας,
1296 2344 1378 2408 quae
1410 2344 1471 2392 vox
1502 2327 1581 2393 haut

349 2440 445 2507 dubie
478 2440 683 2523 magistratus
717 2439 884 2521 magistros
917 2439 1079 2504 ministros
1116 2438 1311 2522 epheborum
1352 2438 1577 2521 complectitur.

350 2553 432 2619 Item
454 2570 498 2618 vs,
523 2555 564 2616 43
589 2550 663 2621 τοὺς
684 2551 755 2635 περὶ
778 2549 812 2613 τὸ
833 2548 1015 2633 Διογένειαν.
1040 2585 1080 2597 -
1119 2548 1153 2615 Ο.
1177 2549 1202 2614 Ι.
1225 2553 1287 2614 427
1311 2549 1347 2613 οἳ,
1363 2549 1433 2634 περὶ
1457 2544 1493 2615 τὸ
1514 2547 1578 2612 Διο-

349 2661 475 2745 γένειαν.
516 2660 635 2727 Contra
655 2661 689 2727 in
711 2661 760 2726 tit.
785 2659 850 2724 Φιλ.
873 2661 915 2737 ΙΙ,
938 2666 1001 2727 428
1024 2661 1138 2727 dicitur
1161 2661 1233 2730 τοὺς
1254 2655 1469 2750 συνάρχοντας
1484 2658 1578 2724 αὐτοῦ

351 2780 408 2852 (sc.
432 2775 486 2837 τοῦ
509 2773 679 2858 κοσμητοῦ)
702 2772 763 2834 καὶ
786 2771 859 2841 τοὺς
880 2772 951 2859 περὶ
973 2771 1010 2838 τὸ
1030 2770 1220 2855 Διογένειον;
1242 2772 1285 2838 ibi
1308 2791 1382 2856 ergo
1398 2771 1579 2839 adcuratius

351 2883 503 2967 distingui
525 2883 651 2949 videtur
671 2882 754 2948 inter
775 2883 980 2965 magistratus
1003 2884 1194 2965 epheborum
1209 2889 1242 2949 et
1260 2883 1344 2950 inter
1365 2902 1474 2951 eorum
1491 2903 1579 2967 prae·

351 2998 493 3076 captores
515 2995 747 3077 ministrosque.
769 3031 813 3042 -

442 3105 494 3171 Vs.
519 3107 549 3170 3.
586 3105 659 3175 τοὺς
680 3100 732 3168 ὑπ’
757 3103 856 3168 αὐτῶ
880 3102 1136 3191 ἐφηβεύσανταςι
1158 3125 1217 3188 pro
1231 3106 1291 3172 hoe
1304 3105 1337 3172 in
1353 3104 1416 3171 dci.
1429 3106 1488 3188 III,
1505 3110 1576 3186 444,

352 3224 367 3283 1
391 3218 507 3300 iegitur
530 3217 603 3288 τοὺς
624 3213 674 3281 ὑπ’
698 3213 832 3293 αὐτὸν,
855 3219 887 3283 in
901 3215 967 3282 Φιλ.
984 3216 1041 3299 IV,
1060 3223 1129 3301 168,
1153 3223 1172 3283 2
1196 3213 1252 3305 ὑφ’
1276 3212 1417 3282 ἑαυτὸν
1439 3218 1511 3292 κτλ.;
1533 3236 1577 3284 se·

349 3330 411 3395 mel
433 3329 567 3411 denique
590 3328 663 3399 τοὺς
684 3324 734 3392 ἐπ’
757 3327 895 3409 ου[τοῢ
917 3326 1046 3416 &pesth
1070 3329 1114 3394 sic
1137 3329 1274 3394 enimin
1297 3327 1360 3394 Φτλ.
1384 3328 1438 3410 IV,
1463 3332 1569 3405 3443

348 3442 566 3525 supplendum,
588 3458 651 3507 non
673 3460 744 3508 cum
767 3439 951 3507 Oumannde
973 3437 1016 3504 ἐπ’
1040 3437 1146 3525 adpo?
1168 3440 1242 3519 κτλ.]
1266 3476 1306 3487 -

435 3554 502 3620 Iam
525 3558 676 3620 secuntur
698 3553 731 3619 in
754 3551 820 3618 (iol.
844 3553 861 3617 1
883 3552 1074 3634 epheborum
1103 3550 1318 3635 magistratus,
1346 3555 1575 3633 praeceptores,

348 3665 495 3748 ministri3
521 3665 553 3730 in
577 3664 643 3730 Col.
656 3665 689 3730 ΙΙ
711 3663 853 3747 ephebioi
874 3662 1001 3746 quidam
1023 3662 1108 3728 tituli
1130 3662 1179 3728 vel
1194 3662 1320 3728 nomina
1334 3662 1575 3744 magistratuum

348 3793 448 3857 eaque
470 3776 673 3857 epheborum,
695 3779 791 3857 atquc
818 3773 1025 3856 agonethetae
1053 3773 1164 3857 ephebi
1194 3772 1361 3856 adscriptis
1390 3771 1576 3840 sollennium

347 3886 536 3952 nominibus.
581 3886 724 3966 Denique
746 3884 778 3949 in
801 3884 858 3950 ool.
883 3885 941 3966 ΙΙΙ,
964 3884 1009 3951 IV
1031 3884 1135 3951 cuncti
1156 3882 1240 3949 illius
1267 3884 1341 3950 anni
1373 3883 1497 3966 ephebi,
1519 3902 1574 3966 per

349 3996 453 4064 tribus
475 3996 628 4079 dispositi,
651 4000 725 4080 post
746 4015 825 4079 quos
847 3998 1004 4081 peregrini
1026 3995 1145 4082 ephebi.
1169 4031 1211 4042 —-

501 4108 566 4175 Col.
590 4110 615 4175 1.

436 4220 479 4284 Hi
500 4220 706 4301 magistratus
728 4227 949 4302 praeceptores
977 4220 1112 4287 ministri
1138 4219 1192 4287 illo
1221 4225 1362 4303 tempore
1377 4220 1481 4288 cuncti
1503 4223 1576 4287 sunt

420 4487 429 4520 ¹
447 4487 533 4540 Semel
550 4487 721 4539 tantummodo
740 4487 808 4540 idem
824 4488 899 4539 homo
918 4487 1016 4539 duobus
1033 4488 1106 4539 annis
1125 4495 1251 4555 comparat
1268 4488 1440 4554 anticosnnota,
1461 4487 1494 4541 of.
1514 4482 1569 4538 oar.
1637 4488 1640 4492 ’

346 4576 391 4640 ΠΙ,
410 4577 469 4638 277,
490 4578 502 4628 l
522 4581 547 4625 et
564 4567 618 4640 Ἐςα
637 4571 700 4642 ἀρχ.
720 4574 801 4635 28313
821 4573 873 4625 vid.
892 4572 953 4639 Cap.
971 4572 1006 4624 V.
