3490 5296
656 424 891 491 -129-

13 650 19 661 ·
154 608 229 687 filie,
258 611 410 677 Thraciae
432 626 520 694 rege,
549 611 653 692 quia.
680 616 717 677 19
742 631 769 694 p.
796 610 868 676 Chr.
893 611 1058 694 imperium
1090 609 1228 695 suscepit
1254 614 1287 677 et
1312 614 1385 695 post

155 738 223 785 eum
246 740 362 786 annum
383 722 515 787 Athenis
545 722 660 788 archon
688 720 784 787 fuerit
810 726 950 806 opertam
985 721 1035 804 (cf.
1064 721 1146 788 infra
1176 722 1252 807 Cap.
1276 721 1385 790 XVIII

153 831 192 897 ad
214 851 243 897 a.
268 829 351 917 21).Δ
380 835 439 899 Est
461 838 565 898 autem
587 833 639 899 ille
663 831 765 902 Νικίας
786 828 954 916 Ἀντιγόνου
976 831 1156 922 Παλληνεύς
1177 835 1209 899 in
1232 833 1383 900 Rossiano

154 943 241 1008 titulo
271 943 433 1030 πολιορός;
462 947 570 1028 itaque
600 948 626 1011 si
656 966 767 1012 revera
794 946 877 1012 idem
908 951 956 1012 esi
985 950 1082 1026 atque
1113 945 1165 1011 ilie
1194 945 1383 1035 ὁπλομάχος,

153 1055 233 1136 quod
256 1073 314 1137 ego
338 1057 482 1137 equidem
504 1075 567 1122 non
589 1057 715 1137 dubito,
736 1058 782 1121 ita
804 1076 854 1123 res
870 1062 926 1144 *est
949 1057 1177 1138 intellegenda,
1201 1056 1289 1140 prius
1312 1075 1384 1124 eum

152 1163 244 1231 fuisse
267 1166 412 1250 πυλωρόν
435 1172 468 1232 et
489 1173 600 1247 postea
621 1169 653 1232 in
675 1169 837 1250 gymnasie
860 1167 1053 1248 epheborum
1074 1168 1192 1233 iactum
1208 1186 1278 1234 esse
1293 1168 1382 1231 ὁπλο·

150 1276 255 1363 μάχου.
277 1314 319 1324 -
342 1278 484 1360 Denique
507 1279 555 1343 vel
578 1278 662 1344 idem
684 1278 840 1344 scribam
863 1283 997 1361 utreque
1020 1279 1069 1343 tit.
1086 1280 1260 1345 recensitus
1276 1278 1381 1345 fuerit.

151 1386 187 1449 In
208 1385 241 1450 C.
265 1387 293 1450 I.
317 1391 379 1451 266
402 1388 505 1454 scriba
527 1393 591 1454 est:
615 1388 821 1474 Εὐφρόσυνος
842 1388 1049 1476 Εὐφροσύνου
1076 1388 1248 1477 Φαληρεύς.
1294 1389 1382 1456 Idem

151 1496 382 1562 restituendum
403 1499 529 1583 videtur
550 1501 583 1565 in
605 1500 686 1582 Eph.
711 1505 789 1565 640:
1377 1526 1382 1538 ¹

301 1628 348 1675 vs.
375 1615 422 1674 11.
453 1656 685 1674 ········
709 1615 918 1696 ripaeme-

303 1756 346 1767 —
375 1724 423 1785 12.
454 1721 541 1791 τεὺς
567 1720 865 1807 Εὐφρόο]υν[ος

302 1867 346 1876 -
375 1836 423 1897 13.
451 1831 750 1919 Εὖςο]ροσ[ύνου
782 1832 879 1897 Φαλ-

249 2010 252 2015 ,
302 1978 346 1987 —
374 1945 422 2006 14.
451 1943 610 2029 η]ρ[εύς.

232 2052 432 2133 Quamquam
454 2056 609 2120 incertum
631 2055 875 2138 explementum,
904 2058 1047 2123 comedo.
1099 2056 1161 2123 Sed
1190 2057 1267 2123 nihil
1297 2058 1381 2124 volui

150 2163 380 2246 demonstrare,
409 2166 469 2231 nisi
491 2167 571 2250 titul.
595 2167 724 2248 Ephem.
748 2173 810 2233 640
832 2188 894 2234 uno
917 2158 974 2233 vel'
989 2169 1112 2237 duobus
1134 2174 1258 2234 tantum
1290 2170 1380 2235 annis

151 2277 260 2344 abesse
286 2279 327 2344 ab
350 2278 399 2344 ait.
423 2278 458 2344 0.
481 2279 506 2345 1.
530 2284 606 2362 266,
636 2276 725 2362 quod'
742 2281 819 2346 satis
842 2281 955 2347 docens
976 2280 1059 2346 idem
1081 2281 1207 2369 ἡγεμών
1235 2281 1380 2365 idemque

149 2387 337 2477 ὁπλομάχος.
381 2390 492 2471 Itaque
514 2391 546 2456 in
569 2393 682 2458 ceteris
704 2393 781 2458 nihil
802 2393 853 2459 hic
875 2413 989 2460 morer.
