3510 5304
885 390 1098 455 „32-

382 575 497 644 mentis
519 574 717 644 sententiam
738 592 829 642 snam
850 573 996 641 firmavit
1046 574 1233 660 Suspicatus
1256 580 1306 642 est
1326 574 1428 659 magis
1453 592 1550 659 quam
1573 573 1612 639 de

382 685 577 754 monstravit.
619 686 751 755 Accedit
782 686 867 770 quod
889 703 927 753 eo
950 690 1099 771 tempore,
1129 704 1192 771 quo
1215 686 1390 770 peregrinis
1422 702 1551 770 quoque
1577 684 1613 749 li·

382 798 448 866 cuit
476 797 509 865 in
529 816 694 867 numerum
715 798 907 883 epheborum
928 796 1025 881 recipi
1055 801 1088 864 et
1111 815 1174 882 quo
1196 796 1358 880 peregrini
1381 795 1494 880 ephebi
1517 812 1613 877 saepe

380 926 532 993 perquem
554 915 705 995 superant
727 927 857 978 numero
880 907 1089 976 Athenienses
1113 908 1261 992 ephebos,
1290 925 1353 991 quo
1376 906 1513 990 denique
1536 910 1613 972 tem·

380 1037 458 1105 pore
478 1021 653 1106 peregrinis
674 1021 752 1107 ipsis
774 1021 980 1106 potissimum,
1011 1019 1150 1103 undique
1171 1018 1314 1086 Athenas
1338 1018 1613 1098 concurrentibus,

381 1134 579 1218 gymnasium
600 1134 791 1219 epheborum
818 1132 971 1215 imprimis
994 1130 1189 1199 efflorescere
1215 1129 1328 1216 coepit,
1355 1148 1413 1213 per
1441 1146 1477 1197 se
1504 1128 1615 1195 admo·

381 1243 456 1312 (lum
472 1243 597 1312 ridetur
611 1262 681 1313 esse
695 1244 864 1313 verisimile
879 1244 1003 1328 exlege
1023 1243 1087 1309 iem
1108 1260 1171 1310 non
1186 1242 1355 1309 obstrictos
1372 1258 1426 1308 eos
1447 1239 1548 1308 fuisse
1562 1259 1614 1307 ae·

381 1359 449 1424 tate
475 1359 515 1422 18
536 1373 699 1425 annorum.
742 1355 811 1423 Hoc
834 1373 910 1422 saue
932 1372 1054 1422 sommo
1076 1352 1189 1421 fuisset
1210 1352 1432 1436 impedimento
1455 1369 1496 1419 ne
1518 1351 1615 1436 ephe-

381 1465 494 1535 borum
515 1467 671 1547 lnstituto,
692 1466 930 1550 peregrinorum
961 1482 1123 1549 concursu,
1151 1465 1184 1531 in
1214 1464 1281 1531 dies
1310 1464 1411 1530 maius
1440 1464 1615 1531 ineremen-

381 1582 451 1645 tnm
472 1579 645 1659 accederet,
674 1576 759 1662 quod
787 1595 899 1645 revera
919 1576 1073 1644 Hadriani
1099 1575 1166 1644 lere
1192 1581 1297 1642 aetate
1330 1575 1453 1644 eccidit.
1498 1575 1615 1658 Itaque

381 1693 474 1757 tueor
501 1690 690 1758 sententiam
718 1689 746 1756 si
775 1688 878 1755 minus
900 1687 1146 1755 Atheniensibus
1176 1691 1210 1754 at
1236 1686 1412 1770 peregrinis
1438 1691 1547 1753 tamen
1578 1684 1614 1750 li·

382 1799 485 1870 cuisse
505 1799 753 1885 qualemcunque
774 1804 912 1868 aetatem
938 1799 1104 1882 agentibus
1134 1799 1166 1865 in
1188 1797 1326 1882 ephebos
1358 1797 1465 1881 recipi.
1510 1796 1613 1862 Aliter

382 1910 434 1979 vix
454 1928 584 1994 possum
604 1910 814 1995 interpretari,
837 1909 923 1995 quod
944 1915 1037 1994 pater
1051 1915 1085 1978 et
1098 1909 1182 1978 filius
1196 1910 1307 1977 eodem
1322 1926 1405 1977 anno
1419 1909 1503 1975 inter
1518 1907 1613 1991 ephe-

381 2021 439 2091 bos
460 2028 636 2092 versautur.
680 2022 725 2090 Et
744 2042 819 2092 vero
852 2027 902 2090 est
934 2022 986 2090 ille
1009 2021 1048 2089 de
1076 2039 1139 2104 quo
1169 2021 1327 2105 loquimur
1359 2020 1489 2104 eiusque
1518 2017 1613 2100 fihus,

381 2138 419 2201 ut
440 2155 478 2203 ex
499 2133 568 2218 ipso
589 2134 682 2203 titulo
704 2139 803 2218 patet,
824 2133 1011 2218 peregrinus
1034 2133 1183 2217 ephebus.
1218 2134 1269 2198 An
1290 2150 1492 2216 nonnuquem
1515 2130 1613 2196 etiam

382 2245 626 2315 Atheniensibus
649 2245 728 2312 illud
749 2244 860 2312 licuit?
902 2243 1054 2328 Legimus
1083 2244 1165 2312 enim
1197 2243 1235 2313 in·
1261 2243 1354 2310 titulo
1377 2241 1441 2309 Φιλ.
1465 2242 1526 2324 ΠΙ,
1550 2245 1612 2307 533

381 2356 416 2426 iu
454 2357 524 2440 ipso
564 2356 775 2441 praescripto:
824 2354 842 2423 ὁ
883 2356 1041 2443 κοσμητὴς
1077 2391 1119 2405 -
1159 2354 1320 2441 ἀνέγραψε
1360 2353 1433 2423 τοὺς
1471 2343 1612 2441 ἐφηβεύ-

382 2490 500 2541 σαντας
530 2466 600 2533 σὺν
633 2476 686 2554 τῷ
717 2465 919 2553 κρατίστῳ
951 2463 1006 2529 tl.
1028 2464 1232 2552 Δρναντιανῷ
1261 2465 1518 2552 σορκλητικῷ
1548 2465 1609 2527 κτλ.

383 2580 466 2662 Quid
494 2577 548 2648 hic
576 2578 833 2662 »potentissimus
862 2583 1007 2645 senatore
1031 2577 1100 2643 vult
1120 2576 1204 2644 inter
1225 2575 1386 2659 ephebos?
1429 2573 1500 2641 Etsi
1528 2575 1611 2642 enim

384 2690 439 2758 illo
460 2691 492 2757 in
514 2689 607 2757 titulo
622 2691 713 2759 -inter
734 2688 871 2773 ephebos
893 2706 950 2771 per
971 2687 1074 2754 tribus
1089 2686 1257 2771 dispositos
1272 2706 1336 2754 non
1350 2686 1518 2769 invenitur,
1542 2705 1611 2754 esse

384 2820 457 2870 eum
477 2802 677 2870 nihilosecius
699 2819 810 2869 revera
839 2800 995 2884 ephebum
1025 2799 1173 2867 docemur
1201 2799 1249 2865 tit.
1273 2797 1308 2864 O.
1332 2799 1357 2863 Ι.
1380 2800 1458 2863 261:
1489 2796 1611 2887 »θαλῆν

381 2910 544 2978 Δοσιθέου
555 2911 780 3001 Παρβωτοίὸην
796 2913 849 2977 τὸν
863 2911 1020 2999 κοσμητὴν
1031 2907 1049 2977 ὁ
1059 2908 1183 2997 ἔφηβος
1193 2908 1403 2996 Δρναντιανὸς
1413 2907 1609 2999 Καλαίσχρον

382 3020 624 3112 Μαραθώνιοςα
686 3023 725 3090 In
762 3022 939 3090 Philistoris
978 3021 1032 3087 illo
1072 3019 1165 3087 titulo
1209 3024 1348 3087 cosmeta
1388 3020 1490 3087 audit:
1536 3019 1609 3106 Αὐρ.

382 3131 547 3204 Δοσίθεος
567 3131 587 3202 ὁ
609 3133 657 3198 καὶ
681 3132 784 3220 Θαλῆς
804 3130 967 3197 Δοσιθέου
989 3129 1224 3217 Παμβωτάὸης.
1263 3131 1376 3211 Itaque
1398 3131 1474 3211 quin
1491 3131 1610 3214 Dryan-

383 3245 489 3312 tianus
510 3245 544 3310 in
565 3250 700 3329 utroque
713 3244 807 3310 titulo
828 3243 913 3311 idem
934 3243 975 3309 sit
990 3241 1121 3309 dubium
1136 3260 1198 3308 non
1214 3245 1271 3307 est.
1304 3241 1365 3307 Est
1380 3259 1454 3325 ergo
1469 3239 1609 3324 prolecto

382 3355 436 3423 ille
466 3354 720 3438 »potentissimus
746 3359 891 3422 senator«
924 3351 1073 3435 ephebus.
1118 3353 1200 3419 Mira
1228 3370 1305 3417 sene
1332 3369 1400 3432 res,
1429 3370 1525 3434 quam
1554 3369 1610 3434 ego

384 3483 541 3548 ecquam
563 3483 660 3549 supra
690 3464 829 3531 indicavi
860 3464 982 3530 ratione
1003 3464 1097 3531 velim
1124 3461 1288 3544 explicare.
1339 3462 1408 3540 Quo
1434 3461 1542 3527 nescio
1571 3479 1611 3527 an

383 3579 460 3646 item
480 3576 692 3645 revocandum
714 3575 766 3658 sit,
789 3574 873 3659 qnod
895 3574 928 3639 in
950 3573 998 3639 tit.
1023 3571 1155 3654 malli,
1173 3576 1279 3653 lose
1301 3570 1386 3636 iuter
1406 3572 1545 3654 ephebos
1565 3590 1611 3638 re·
1725 3562 1726 3647 Τ

384 3692 531 3757 censetur
552 3681 571 3751 ὃ
592 3688 804 3774 κράτιστος
827 3677 1014 3772 Οὐετούριος
1032 3675 1223 3759 Κνῖντιανός,
1247 3686 1281 3749 et
1298 3680 1333 3747 0.
1349 3682 1449 3747 1425
1468 3681 1610 3765 ephebus
1725 3718 1726 3757 ,

385 3799 514 3881 quidam
533 3797 754 3880 insepulorali
768 3796 861 3864 titnlo
875 3795 1077 3880 praedicatur
1100 3785 1250 3879 »ρονσό
1260 3791 1406 3862 notor«
1429 3792 1450 3857 i·
1466 3811 1493 3858 e.
1507 3797 1609 3876 poeta

382 3909 525 3992 Denique
546 3910 653 3976 multis
673 3909 708 3975 in
730 3907 923 3991 epheborum
952 3904 1101 3989 catalogis
1131 3904 1238 3988 plures
1267 3920 1390 3987 semper
1411 3902 1611 3970 inveniuntur

384 4019 506 4103 ephebi,
527 4019 583 4104 qui
603 4018 661 4087 filii
689 4024 746 4088 aut
780 4022 937 4085 cosmetae
969 4021 1026 4085 aut
1058 4013 1362 4100 sophronistarum1)
1391 4017 1448 4080 aut
1476 4014 1611 4099 denique

450 4233 466 4266 ·¹
482 4232 569 4287 Veluti
593 4233 620 4285 in
641 4232 679 4286 tit.
697 4225 754 4283 liet
776 4230 798 4295 Ι,
825 4231 886 4295 532,
910 4232 927 4285 ‘l
950 4246 986 4283 rs·
1005 4229 1136 4284 lta-22:
1161 4225 1186 4278 oi
1212 4225 1309 4286 παῖδες
1334 4227 1389 4278 τῶν
1416 4225 1609 4295 σωφρονιστῶν

387 4313 521 4387 Εὔπορσς,
536 4314 657 4383 Ἕλενος,
674 4313 811 4386 Χαρίτων,
830 4314 994 4385 Δημήτριος,
1018 4308 1174 4382 Μιλτιάδης.
1209 4315 1297 4380 Itaque
1322 4331 1353 4365 ax
1376 4331 1420 4365 sex
1445 4311 1609 4379 sophroniatis
1725 4334 1726 4381 3

384 4406 495 4474 quinque
513 4404 602 4460 eodem
625 4421 691 4458 enno
708 4402 845 4458 habuerint
862 4402 930 4454 filios
949 4403 982 4457 18
1002 4400 1146 4453 annorum?
1172 4400 1236 4453 Item
1261 4393 1608 4463 ca.1v,ees,1orem
1725 4388 1726 4437 3

384 4492 580 4560 σωφρονιστῶν
599 4488 651 4544 υἱοὶ
676 4489 740 4545 iuter
766 4488 931 4558 agonothetes
958 4493 1025 4551 anub
1053 4503 1117 4554 quos
1144 4484 1214 4555 ipsos
1239 4502 1297 4540 esse
1314 4486 1426 4555 ephebos
1448 4503 1510 4539 mox
1533 4485 1608 4538 doee-
1725 4490 1726 4493 ’

386 4577 478 4632 bimus.
