3490 5296
585 384 820 446 -173-

212 560 315 633 γραφαὶ
332 562 487 615 ἀνέκδοτοι“
507 564 598 618 Athen.
618 567 685 621 1860
701 563 815 633 polida
833 564 853 616 oi
870 583 912 618 no.
927 569 967 622 ll.
988 595 1021 605 -
1040 566 1263 635 operaepretium
1280 567 1319 620 ri·

213 652 283 704 detur
300 668 356 703 esse
374 659 509 718 utrumque
526 652 700 720 apographum
717 668 861 719 conparare.
891 651 985 704 Omitto
1005 669 1071 719 quae
1088 653 1184 705 nullius
1200 651 1321 704 momenti

213 745 272 789 sunt
288 737 476 805 discrepantias.

264 821 317 876 ool.
336 822 361 874 I.

218 908 295 960 Vae
317 906 523 975 Plittahisianum
540 911 689 979 apograph.)
711 908 875 980 Oeodropr‘dp.
922 909 1099 981 E(pigraphae
1117 911 1213 979 anecd.)
1237 912 1321 964 minus

213 996 334 1062 integrum
356 993 497 1064 θεοδωρι.
513 1032 519 1046 .
534 1031 563 1046 ..

217 1099 287 1154 Vno
304 1100 339 1158 Ρ.
360 1076 522 1163 ΝΙΚΙΑΟ.
554 1102 589 1158 Ρ..
609 1073 759 1163 uiuite
784 1076 869 1181 lidi,
889 1111 917 1155 ur
933 1122 968 1157 vs.
988 1107 1003 1160 o
1023 1113 1049 1156 a
1066 1107 1082 1160 r
1100 1104 1266 1172 coniungendi
1283 1105 1320 1155 vr-

213 1187 317 1238 deantur
335 1181 440 1253 (Νικίας
457 1186 501 1238 καὶ
516 1184 662 1256 Ἰσιγένης).
698 1189 773 1251 Quod
790 1189 898 1240 maxime
916 1189 1027 1244 offendit.
1065 1190 1106 1242 Au
1123 1190 1169 1240 illo
1187 1207 1252 1242 anno
1271 1189 1320 1242 duo

210 1289 259 1323 una
276 1273 402 1324 archontis
420 1292 524 1326 munere
546 1275 625 1326 functi
649 1276 728 1326 sunt?
762 1273 868 1326 Nullum
891 1275 966 1326 huius
992 1276 1028 1326 rei
1051 1275 1133 1327 adhuc
1156 1283 1223 1327 extat
1246 1275 1320 1327 testi·

212 1377 330 1428 monium.
361 1378 466 1431 Accedit
484 1381 551 1446 quod
569 1397 601 1432 ne
619 1379 722 1431 minima
739 1380 840 1447 quidem
859 1381 965 1449 vestigia
981 1381 1096 1434 vocabuli
1110 1358 1189 1442 ΚΑΙ
1203 1380 1319 1434 Pittolris.

213 1464 383 1529 apographum
396 1465 505 1530 praehet.
534 1466 621 1532 Itaque
632 1464 767 1517 admodum
779 1465 866 1517 dubito
883 1483 944 1518 num
961 1484 988 1518 re
1000 1485 1058 1519 vera
1076 1467 1102 1518 iu
1124 1466 1209 1534 lapide
1222 1465 1321 1533 legatur

217 1545 311 1631 ΚᾹΙ
347 1569 436 1621 Rimas
453 1569 545 1636 lapidis
563 1577 622 1622 sunt
638 1570 758 1633 fortusse,
782 1588 844 1638 quas
861 1572 905 1638 qui
922 1571 1023 1623 titulum
1041 1571 1175 1638 descripsit
1198 1589 1243 1638 pro
1267 1570 1320 1622 illis

210 1655 300 1708 litteris
318 1656 413 1707 habuit.

262 1741 317 1792 Col.
335 1739 379 1794 ΙΙ.

214 1825 255 1878 Vs.
274 1827 298 1878 1.
333 1823 370 1881 P.
388 1825 550 1893 neglegenter
567 1820 676 1894 Μηειος.
712 1825 747 1881 Ε.
765 1836 832 1881 recte
849 1824 974 1897 Μηδειος.

259 1912 316 1964 Οοῑ.
336 1909 397 1961 ΙΙΙ.

211 2016 252 2069 n.
271 2017 296 2071 1.
331 2014 366 2072 Ρ.
387 2001 571 2078 .....ΙΟΕΟ.
606 2015 642 2071 Ρ.
660 2016 725 2069 nun
743 2017 852 2070 exorsu.

212 2122 252 2176 Vs.
272 2122 299 2174 2.
333 2119 369 2177 P.
398 2109 544 2183 ....lN.....
579 2120 615 2178 Ε.
634 2123 696 2175 nihil
714 2125 825 2191 praebet.

262 2208 316 2259 ool.
335 2205 350 2256 1
358 2206 386 2262 V.

209 2313 252 2367 n.
271 2314 296 2365 o.
332 2310 367 2368 Ρ.
386 2291 654 2378 triumuiro.
688 2286 1006 2391 ndemulhrtc,
1032 2315 1107 2382 quale
1124 2333 1215 2369 nomen
1239 2318 1321 2370 adhue

208 2402 333 2452 innotum.
368 2400 462 2451 Pittah.
481 2402 535 2452 sine
554 2402 629 2453 dubio
647 2411 715 2454 recte
732 2401 871 2469 descripsit.
908 2401 961 2453 Sed
978 2402 1141 2469 cognoscitur,
1167 2402 1235 2469 quod
1253 2402 1320 2454 idem

205 2489 284 2539 etiam
303 2486 359 2537 aliis
377 2486 471 2554 lapidis
490 2488 552 2539 locis
570 2496 653 2555 potest
670 2489 811 2548 observari,
835 2487 945 2554 lapidem
963 2505 1019 2540 esse
1038 2487 1154 2538 detritum
1178 2505 1261 2554 neque
1286 2488 1320 2539 ita

205 2572 307 2624 facilem
325 2571 357 2623 ad
375 2572 519 2638 legendum.
549 2574 636 2639 Itaque
654 2574 769 2640 suspicor
785 2572 816 2624 ah
835 2589 865 2623 eo
884 2573 928 2637 qui
947 2571 1080 2639 descripsit
1097 2571 1198 2622 titulum
1216 2573 1317 2639 saepius

204 2657 374 2723 interipsum
393 2658 541 2724 legendum,
566 2658 673 2724 siquod
691 2675 782 2708 nomen
801 2658 827 2708 in
845 2656 930 2724 lapide
953 2657 1070 2707 detritum
1094 2675 1123 2708 ao
1147 2675 1234 2724 parum
1259 2675 1318 2724 por-

207 2744 324 2810 spicuum
343 2751 405 2803 erat,
429 2745 510 2810 magis
529 2743 663 2794 dirinardo
681 2742 745 2793 illud
763 2743 904 2794 confectum
923 2759 986 2793 esse.
1024 2741 1098 2804 Quod
1116 2741 1209 2793 adnoto
1227 2751 1256 2793 ut
1272 2742 1318 2793 ad-

206 2837 295 2897 pareat
319 2845 368 2895 quo
392 2830 446 2880 iure
469 2847 545 2897 supra
568 2828 595 2880 iu
620 2846 708 2881 comm.
726 2828 812 2880 XVIII
835 2828 958 2880 interdum
982 2846 997 2879 a
1026 2828 1131 2880 lectione
1154 2829 1318 2880 Pittalrisiani

206 2914 349 2982 apographi
366 2917 519 2966 recesserim.

208 3021 242 3072 n
272 3020 293 3071 7.
328 3014 416 3083 no
452 2997 637 3084 oornoc.
674 2990 975 3097 norocuoc,
1008 3019 1075 3087 nc
1208 3039 1240 3071 an
1264 3021 1319 3089 use

204 3107 249 3173 qui
268 3107 401 3172 descripsit
418 3106 560 3173 expleverit.

260 3190 313 3242 001.
336 3189 365 3243 V.

208 3294 251 3346 Va.
269 3297 295 3349 t.
331 3292 366 3350 P·
386 3282 583 3360 ZHNION.
625 3295 661 3350 Ε.
680 3299 706 3348 in
731 3297 817 3349 tabula
842 3297 944 3364 quidem
968 3314 1058 3348 nomen
1083 3297 1165 3364 plane,
1182 3296 1317 3359 omittitur;

206 3380 287 3431 nihilo
310 3381 394 3432 secius
417 3383 443 3430 iu
468 3381 614 3432 minusculis
637 3382 761 3433 invonitur
778 3379 882 3452 Ζήνων.
924 3384 1013 3449 ltaque
1035 3383 1102 3433 haud
1126 3382 1161 3433 ita
1184 3383 1320 3449 diligenter

206 3466 322 3518 confecta
340 3465 436 3516 videtur
453 3466 546 3516 tabula.
564 3494 599 3505 -
616 3466 664 3516 His
687 3469 819 3534 perper-is
837 3467 942 3517 alterum
964 3466 1136 3533 apographum
1156 3464 1213 3532 (Ε.)
1237 3468 1318 3518 multo

205 3549 350 3601 adcuratius
374 3566 431 3599 esse
455 3549 532 3600 altero
554 3546 610 3615 (P.)
633 3567 684 3601 non
708 3550 820 3602 dixerim.
860 3550 933 3602 Unde
958 3550 1054 3602 moveri
1080 3567 1130 3601 non
1156 3567 1259 3616 possum
1288 3559 1316 3602 ut

205 3635 300 3686 maiore
317 3634 356 3684 illi
374 3634 518 3700 apographo
536 3632 593 3701 (Ε.)
612 3634 662 3687 fide
680 3635 764 3686 habita
781 3651 813 3684 ea
830 3652 895 3701 quae
913 3653 990 3702 supra
1006 3653 1064 3702 pag.
1079 3635 1213 3690 133-146
1232 3635 1315 3687 disse-

205 3720 246 3771 rui
267 3718 322 3785 ipse
345 3718 487 3785 infringam.
524 3717 591 3771 Sane
614 3719 714 3785 quidem
738 3727 850 3770 remanet
874 3720 936 3769 mihi
960 3719 1106 3786 scrupulus:
1131 3719 1224 3771 etenim
1248 3721 1269 3770 si
1295 3720 1317 3772 is

203 3821 304 3871 quoque
316 3804 356 3855 cui
368 3803 433 3854 illud
444 3805 617 3872 apographum
627 3802 674 3871 (Ε)
688 3805 792 3856 debetur
803 3822 831 3855 re
844 3821 902 3855 vera
915 3804 976 3872 legit
992 3805 1018 3855 in
1036 3804 1122 3872 lapide
1139 3804 1186 3857 col.
1197 3805 1234 3856 IV
1251 3823 1290 3857 rs.
1301 3809 1318 3861 3
1334 3813 1337 3817 ’

200 3881 455 3970 lurroxoc
479 3882 709 3973 (temtum
724 3889 796 3975 n.
816 3881 1257 3988 ,oonnoeoouoc
1277 3910 1319 3976 <ao

205 4031 256 4065 non
275 4061 283 4078 .
300 4004 345 4076 Ε.
365 3990 594 4095 .οΦΙ.)ΟΕ),
613 4016 773 4071 nuvae
792 4003 898 4081 ΖΗΝ
946 4003 978 4076 Ν
995 4017 1038 4080 (an
1049 4032 1099 4066 non
1123 4001 1140 4039 '
1154 4059 1162 4076 .
1178 4001 1317 4093 ΝωΝ),

204 4102 227 4151 si
252 4100 299 4152 hoo
323 4100 423 4151 demum
446 4103 580 4166 constabit,
603 4120 654 4154 non
676 4103 788 4170 amplius
812 4104 933 4170 integram
956 4102 1104 4153 sententiam
1129 4118 1210 4153 meam
1231 4109 1317 4169 potero

210 4184 325 4236 retinere.
354 4185 512 4252 Quamquam
531 4187 552 4238 si
569 4205 619 4238 non
631 4196 755 4240 certorum
773 4188 872 4239 illorum
891 4204 1020 4248 annorum,
1038 4195 1063 4238 at
1077 4187 1222 4239 archontum
1235 4196 1319 4238 tamen

210 4270 338 4337 catalogus
357 4288 413 4321 mea
430 4271 532 4339 quidem
550 4276 674 4325 sententia
690 4273 731 4325 rel
749 4274 785 4324 sic
801 4290 883 4340 usque
899 4272 1043 4324 remanebit.
