3510 5304
878 418 1090 483 ,38-

374 607 403 672 si
425 605 527 671 minus
549 621 679 688 prorsus
700 603 783 671 idem
805 602 909 670 valere
931 603 1015 686 quod
1038 606 1288 693 γυμνασιαρχεῖν,
1311 609 1346 671 et
1367 602 1468 670 affinis
1491 608 1600 670 tamen

372 716 497 782 videtur
527 733 597 782 esse
625 715 721 783 notio.
772 712 1009 798 Gymnasiarchi
1045 716 1100 799 qui
1132 717 1258 799 proprie
1291 715 1438 782 dicuntur
1470 720 1600 797 praeter

372 828 474 894 oleum
496 829 590 893 etiam
612 826 675 893 alia
695 827 850 910 quaedam
872 825 973 894 officia
995 832 1202 909 sumptusque
1224 827 1370 894 videntur
1391 827 1423 893 in
1443 844 1478 893 se
1493 844 1599 892 susce

371 940 464 1022 pisse.
509 936 902 1021 sinceriorem,
932 958 976 1006 vs.
1001 944 1020 1004 6
1048 939 1103 1006 ubi
1131 937 1264 1023 legimus
1295 935 1461 1002 »τιθέντων
1491 936 1601 1007 αὐτοῖς

371 1056 429 1130 (se.
451 1051 516 1120 τοῖς
537 1048 684 1137 ἐφήβοις)
708 1046 792 1114 ἆθλα
813 1048 879 1115 τῶν
901 1052 1161 1140 γυμνασιάρχων
1188 1050 1334 1134 colligere
1355 1051 1438 1133 licet,
1460 1050 1599 1117 fortasse

371 1161 510 1244 praemia
532 1162 738 1228 certaminum
761 1164 873 1229 ceteris
896 1162 1028 1246 ephebis
1040 1182 1079 1230 en
1094 1164 1160 1230 suis
1176 1163 1354 1244 sumptibus
1368 1161 1597 1243 proponebant.

373 1272 435 1340 Sed
452 1277 500 1339 est
520 1273 573 1340 ille
595 1273 706 1339 titulus
728 1291 791 1338 non
813 1274 1037 1357 imperatorum
1060 1279 1174 1356 aetate,
1199 1274 1256 1341 sed
1269 1274 1370 1358 primo
1385 1292 1413 1339 a.
1430 1271 1504 1339 Chr.
1528 1291 1597 1339 sae-

371 1384 442 1451 culo
465 1386 611 1467 scriptus.
657 1386 771 1469 Itaque
793 1385 832 1453 de
854 1387 900 1452 eis
922 1386 1168 1471 gymnasiarchis
1200 1385 1278 1451 nihil
1310 1385 1388 1453 certi
1420 1386 1596 1452 statuerim.

370 1495 478 1578 Immo,
501 1497 726 1580 imperatorum
748 1497 875 1578 quidem
897 1502 1017 1579 aetate,
1050 1498 1157 1580 potius
1191 1498 1454 1579 agonothetarum
1476 1534 1518 1543 —
1541 1498 1597 1581 qui

368 1611 400 1671 et
422 1606 481 1687 ipsi
504 1608 608 1674 solent
629 1625 699 1675 esse
722 1608 834 1692 ephebi
856 1646 898 1657 —
919 1609 1046 1675 videtur
1067 1607 1165 1675 fuisse
1187 1608 1327 1692 praemia
1349 1625 1524 1692 proponere
1546 1628 1596 1675 ce·

368 1719 445 1784 teris
468 1719 607 1801 ephebis.
632 1755 669 1766 -
1607 1703 1612 1709 ’

453 1830 491 1895 In
514 1829 547 1896 0.
571 1830 596 1895 Ι.
621 1834 683 1897 274
705 1832 801 1899 titulo
823 1832 974 1914 ephebico
997 1833 1154 1915 expressis
1176 1833 1281 1900 verbis
1304 1832 1419 1899 dicitur
1434 1832 1594 1918 ἐγυμνασι-

365 1942 486 2032 άρχησε
506 1942 579 2013 τοὺς
599 1941 795 2029 ἐφήβους,
824 1961 862 2010 eo
885 1943 1004 2011 seilicet
1026 1945 1154 2012 consilio
1177 1948 1213 2011 ut
1235 1944 1449 2029 distinguatur
1476 1944 1516 2011 ab
1539 1963 1593 2027 pu-

368 2054 455 2122 blicis
478 2053 755 2138 gymnasiarchis.¹
799 2054 866 2122 Hos
889 2059 995 2121 autem
1019 2057 1114 2122 etiam
1143 2055 1333 2139 posteriore,
1367 2057 1388 2121 i.
1411 2075 1439 2122 e.
1462 2057 1593 2139 impera·

365 2170 470 2233 torum
492 2171 605 2247 aetate,
629 2165 727 2233 fuisse
748 2167 869 2232 nullum
890 2171 996 2249 potest
1024 2167 1141 2234 adferri
1168 2169 1382 2236 testimenium
1411 2187 1474 2252 quo
1504 2167 1594 2234 refel-

363 2276 459 2343 latur.
511 2277 638 2344 Etenim
666 2296 748 2361 qnse
778 2277 1037 2361 Dittenbergerus
1065 2279 1086 2344 l.
1109 2278 1129 2344 l.
1151 2298 1223 2362 pag.
1248 2285 1286 2344 41
1317 2280 1395 2345 dicit
1424 2279 1593 2364 »quamdiu

365 2390 443 2456 hoec
474 2389 530 2472 (sc.
559 2407 640 2470 qnae
672 2388 790 2455 liberae
822 2390 1015 2471 reipublicae
1048 2395 1189 2474 tempore
1222 2388 1297 2474 luit)
1327 2391 1412 2457 vocis
1449 2413 1592 2475 repracse-

365 2500 459 2589 αρχία
487 2499 673 2583 significatio
701 2503 868 2584 manserit,
897 2503 1075 2570 accuratius
1098 2503 1224 2587 quidem
1243 2501 1365 2570 definiri
1387 2520 1450 2569 nen
1477 2506 1591 2585 potest,

364 2612 398 2678 id
420 2631 494 2679 vero
517 2631 575 2695 pro
598 2617 683 2680 certo
707 2613 873 2680 dicendum
897 2620 963 2696 est,
995 2634 1092 2699 quum
1121 2615 1184 2680 iam
1207 2633 1244 2681 ee
1267 2615 1382 2681 vorin
1405 2614 1592 2680 sententiam

363 2723 456 2808 plane
498 2724 592 2790 aliam
629 2724 761 2791 abiisset
793 2724 887 2791 etism
927 2726 1008 2792 hanc
1040 2726 1201 2809 liturgiam
1235 2725 1369 2809 amplius
1399 2726 1445 2791 ita
1477 2725 1592 2791 dictam

364 2853 434 2901 esse
461 2852 591 2918 prorsus
613 2835 794 2904 incredibile
816 2854 920 2918 esser,
951 2837 1163 2922 haecomnia,
1197 2839 1264 2921 aio,
1297 2837 1439 2922 proiecta
1460 2843 1593 2904 suntor

435 3071 677 3139 ¹Dittenbergerus
695 3071 712 3122 l.
733 3070 750 3123 l.
768 3088 826 3140 pag.
845 3073 880 3127 42
899 3079 985 3125 censet
1008 3072 1127 3140 distingui
1152 3073 1183 3124 ab
1205 3070 1417 3141 γυμνασιάρχοις
1439 3071 1478 3139 τῷ
1496 3065 1589 3141 Ἑρμῇ,

364 3159 408 3227 qui
424 3158 474 3226 ipsi
493 3175 594 3226 quoque
612 3157 744 3211 duodecim
763 3174 867 3213 numero
886 3159 913 3210 in
931 3158 959 3212 Ο.
977 3160 997 3211 1.
1018 3162 1069 3216 270
1086 3166 1267 3212 recenseantur
1285 3164 1311 3209 et
1330 3158 1374 3226 qui
1390 3173 1526 3225 puerorum
1544 3158 1593 3209 sint

362 3245 553 3314 gymnasiarchi.
589 3244 664 3308 Quod
681 3244 742 3297 mihi
759 3262 811 3297 non
827 3251 895 3297 recte
912 3244 1007 3297 dimum
1024 3263 1080 3298 esse
1097 3246 1204 3299 ridetur.
1227 3244 1341 3296 Primum
1359 3245 1427 3295 enim
1439 3244 1593 3311 epheborum

362 3332 530 3405 gymnasium,
549 3332 576 3382 id
595 3331 663 3399 qued
681 3349 712 3383 ex
729 3332 827 3383 cunctis
845 3331 975 3401 ephebieis
1000 3332 1082 3384 titulis
1104 3338 1188 3400 patet,
1212 3330 1314 3383 omnino
1337 3329 1401 3381 nihil
1424 3330 1502 3381 habet
1524 3346 1592 3381 eom·

363 3435 440 3471 mune
458 3435 514 3470 cnm
532 3421 625 3485 pueris.
657 3418 747 3486 Neque
765 3436 824 3471 vero
841 3427 1003 3471 recensentur
1021 3421 1048 3472 in
1065 3420 1094 3471 0.
1111 3420 1131 3472 Ι.
1150 3422 1202 3475 270
1219 3418 1354 3470 duodecim
1366 3433 1500 3485 puerorum
1518 3433 1591 3484 gym-

364 3505 496 3567 nasiorum,
514 3505 560 3556 sed
578 3510 637 3556 sunt
654 3506 730 3556 ceteri
748 3505 839 3572 ephebi
857 3504 1037 3568 Athenienses,
1056 3508 1101 3573 qui
1119 3505 1164 3558 illo
1183 3521 1250 3557 anno
1267 3511 1367 3572 praeter
1384 3503 1444 3555 illos
1463 3510 1591 3571 quattuor-

364 3591 445 3644 decim
463 3590 671 3659 gymnasiarchos
689 3589 716 3640 in
733 3590 864 3659 gymnasio
881 3592 1050 3644 versabantur.
1085 3592 1167 3644 Aliter
1184 3590 1251 3643 enim
1268 3598 1369 3660 preater
1386 3588 1592 3671 gymnasiarches

364 3679 430 3731 nulli
447 3677 539 3746 ephebi
555 3676 723 3730 Athenienses
741 3678 767 3728 in
790 3677 863 3729 titulo
884 3678 1067 3739 invenirentur3
1091 3678 1139 3732 col.
1157 3680 1189 3732 ΙΙ.
1208 3680 1277 3732 enim
1305 3679 1416 3732 continet
1438 3679 1592 3747 peregrinos.

301 3784 311 3803 r
366 3767 448 3821 Plane
466 3766 554 3818 eadem
572 3766 712 3833 dispositio,
732 3783 795 3833 quse
813 3766 839 3817 in
857 3765 885 3816 0.
895 3767 914 3817 1.
926 3767 985 3828 270,
1003 3767 1084 3817 estin
1101 3767 1140 3819 tit.
1158 3760 1214 3816 hd.
1226 3766 1272 3828 111,
1290 3765 1351 3828 350,
1371 3770 1402 3822 l:
1421 3765 1535 3817 Primum
1552 3782 1592 3816 re·

364 3862 500 3908 censentur
516 3853 649 3905 duodecim
666 3852 865 3920 gymnasiarchi,
893 3853 984 3905 deinde
1006 3852 1081 3904 ceteri
1105 3852 1198 3918 ephebi
1216 3850 1385 3903 Athenienses
1403 3851 1448 3918 (14
1466 3854 1594 3915 numero),

364 3949 419 3996 tum
436 3939 570 4008 peregrini.
605 3938 740 3990 Praeterea
756 3955 788 3990 ne
805 3937 897 4005 legitur
915 3938 1016 4007 quidem
1033 3939 1060 3991 in
1078 3937 1106 3990 (l.
1121 3939 1141 3991 Ι.
1160 3941 1211 3995 270
1227 3935 1425 4007 γυμνασίαρχοι
1443 3941 1482 4006 τῷ
1498 3933 1593 4008 Ἑρμῇ,

364 4030 411 4083 sed
436 4025 564 4080 recensitis
593 4027 792 4094 quattuordecim
818 4026 1017 4094 gymnasisrohis
1044 4033 1162 4078 secuntur
1194 4025 1326 4077 duodecim
1357 4024 1407 4076 alia
1440 4024 1595 4093 epheborum

363 4114 474 4171 nomina,
494 4128 600 4179 quorum
617 4111 698 4179 primo
717 4112 869 4180 adscriptum
887 4121 927 4164 est
944 4115 1108 4178 Τ··ΕΡΜΗ,
1126 4112 1193 4180 quod
1210 4111 1381 4179 supplendum
1398 4112 1425 4161 in
1449 4110 1488 4178 τῷ
1508 4106 1595 4180 Ἑρμῇ

364 4199 419 4266 (sel.
436 4196 576 4266 ἀνέθηκεν,
596 4197 664 4264 quod
681 4196 830 4265 plerumque
848 4197 990 4263 omittitur).
1027 4199 1060 4250 Et
1077 4215 1141 4251 sane
1159 4199 1268 4249 eundem
1291 4197 1367 4248 illum
1390 4195 1517 4263 ephebum
1542 4203 1592 4247 ste-

364 4284 415 4337 lum
439 4283 556 4351 posuisse
584 4282 690 4348 adparet
712 4299 743 4334 ex
765 4300 840 4334 versu
865 4284 955 4351 primo.
993 4284 1110 4350 Denique
1142 4282 1186 4351 qui
1209 4280 1426 4351 (γυμνασίαρχον)
1449 4282 1488 4350 τῷ
1509 4277 1593 4350 ‘Eppp

363 4369 444 4437 possit
461 4368 604 4436 significare
621 4368 824 4435 gymnasiarchos
843 4387 977 4439 puerorum
996 4386 1042 4437 ego
1061 4388 1111 4422 non
1130 4370 1260 4437 intellego.
1289 4369 1363 4433 Quod
1380 4385 1437 4421 vero
1452 4365 1593 4420 Boeclshius

364 4453 609 4509 adtrahendo
633 4461 658 4505 et
674 4455 794 4508 Frannius
821 4458 854 4509 el.
873 4457 951 4526 epigr.
970 4475 1027 4525 pag.
1047 4458 1141 4515 255111
1163 4456 1270 4508 eandem
1291 4456 1362 4507 illam
1387 4470 1462 4521 quam
1485 4454 1591 4506 diximus

364 4542 416 4592 iere
434 4540 584 4591 sententium
602 4540 716 4591 abierant
734 4559 783 4593 non
802 4544 902 4606 mirum,
921 4551 1070 4609 quamtum
1090 4542 1209 4611 temporis
1227 4542 1300 4610 psuei
1323 4541 1378 4593 eius
1400 4541 1500 4610 generis
1523 4539 1589 4591 tituli

364 4634 449 4679 essent
465 4627 568 4694 reperti,
585 4642 653 4677 nunc
672 4627 753 4680 multi.
