3490 5296
872 411 1108 478 -132-

374 588 553 684 scriptum}
571 592 704 683 praehet
724 596 807 665 enlm
828 598 982 682 quasdam
1003 596 1126 664 litteras
1149 597 1262 665 ceteris
1291 597 1437 680 insuper,
1465 618 1546 683 quas
1574 599 1606 666 in

373 729 423 778 no.
440 715 499 776 241
525 709 749 777 desideramus.
793 707 907 776 Cetera
929 709 1034 776 omnia
1056 708 1106 776 vel
1136 709 1269 776 maxime
1297 709 1329 774 in
1359 714 1495 793 utroque
1523 709 1606 792 frag-
1634 690 1637 697 ’

374 823 471 890 menti
492 820 671 906 apographo
693 826 879 904 congruunt.
924 821 992 887 Iam
1015 837 1089 886 vero
1113 825 1264 886 no.1850
1287 821 1357 886 ideo
1380 822 1492 886 summi
1514 821 1605 888 nohis

373 935 522 1000 momenti
545 939 594 1000 est
615 933 690 1017 quia
712 951 750 998 en
774 926 875 1016 primo
905 950 998 998 versu
1026 936 1116 1013 patet
1136 931 1337 997 Pittalrisium
1368 933 1399 997 in
1430 932 1605 1015 supplendo

373 1049 406 1111 et
427 1045 581 1111 Meierum
602 1045 635 1109 in
657 1042 834 1124 recipiendo
856 1042 1015 1109 archontis
1037 1042 1121 1108 illius
1148 1043 1272 1109 nomine
1300 1061 1432 1109 errasse.
1477 1043 1604 1109 Etenim

372 1174 455 1221 nunc
477 1154 602 1237 quidem
625 1155 812 1237 perspicitur
833 1154 880 1219 ita
902 1154 1110 1236 supplendum
1133 1173 1212 1232 esse,

522 1261 586 1329 Ἐπὶ
610 1264 663 1329 ced
685 1264 801 1347 δεῖνος]
825 1263 985 1359 ἄρχονπζς,
1008 1268 1273 1353 στρατηγοῦνῇος
1293 1263 1342 1328 ἐπὶ

525 1378 597 1447 τοὺς
619 1375 755 1456 ὁπλίτας]
779 1374 1009 1460 Ιίὶιλλικράτους
1029 1374 1102 1456 Eub
1126 1420 1134 1438 .
1158 1420 1167 1438 .
1188 1420 1198 1439 .‚
1222 1422 1231 1438 .
1254 1422 1262 1438 .
1285 1377 1339 1440 .?‘'

455 1489 561 1556 Nihilo
583 1489 686 1555 secius
714 1486 872 1554 archontis
900 1505 1029 1567 nomen,
1049 1486 1235 1573 *dummodo
1257 1492 1395 1564 extaret,
1425 1487 1602 1553 Atticorum

371 1601 557 1667 archontum
579 1600 669 1667 fastis
691 1604 776 1666 esset
797 1598 1006 1665 inserendum.
1043 1598 1134 1666 Licet
1155 1599 1369 1665 enim‘revera
1391 1598 1601 1679 fragmentum

370 1714 411 1778 sit
431 1718 591 1795 repertum
614 1711 647 1777 in
663 1708 826 1774 Salamine
848 1711 961 1787 insula,
983 1714 1088 1778 tamen
1110 1729 1181 1775 cum
1200 1730 1238 1777 ex
1252 1711 1429 1776 litterarum
1444 1708 1601 1790 ductibus,

370 1827 436 1888 tum
460 1823 532 1887 inde
554 1822 639 1905 quod
661 1821 811 1904 temporis
833 1820 954 1887 notatio
983 1821 1014 1885 in
1044 1823 1238 1903 praescripto
1266 1841 1327 1886 non
1357 1823 1457 1887 solum
1486 1840 1525 1887 ex
1553 1840 1601 1886 ar-

370 1932 492 2014 chonte,
515 1933 570 1998 sod
593 1932 688 1998 etiam
711 1951 748 1997 ex
771 1936 910 2014 stratego
933 1931 983 2011 fit,
1013 1930 1145 1999 efficitur
1166 1912 1292 1998 titulum
1316 1933 1348 1997 in
1371 1951 1440 1998 eam
1461 1933 1600 2000 incidere

369 2049 507 2109 nentem
529 2062 592 2124 qua
614 2043 716 2109 insula
739 2041 840 2109 denuo
863 2043 1100 2108 Atheniensium
1123 2030 1227 2109 fuerit.
1265 2028 1376 2125 Itaque
1398 2044 1524 2124 archon,
1549 2064 1599 2111 cu·

369 2156 417 2220 ius
441 2174 553 2221 nomen
575 2156 683 2237 periit,
711 2154 789 2220 haut
811 2155 905 2221 dubie
927 2155 988 2221 fuit
1008 2157 1141 2222 Atticus.
1185 2155 1269 2221 hum
1290 2156 1366 2239 quid
1389 2156 1428 2221 de
1456 2160 1597 2239 stratego

369 2265 535 2333 Callicrate
564 2265 691 2333 aliunde
720 2272 842 2333 constet
875 2266 958 2333 unde
987 2267 1144 2347 archontts
1181 2286 1294 2334 nomen
1329 2266 1463 2333 fortasse
1498 2267 1599 2349 possit

368 2381 437 2444 erui
458 2377 577 2459 ignoro.
621 2376 705 2443 Satis
727 2376 827 2444 habeo
851 2377 1082 2444 demonstrasse
1105 2378 1284 2445 Stratonem
1306 2377 1393 2443 illurn
1420 2377 1596 2444 Callicratis

367 2488 466 2556 filium
488 2509 526 2556 err
547 2487 731 2557 archontum
753 2489 855 2556 indice
877 2508 947 2556 esse
969 2488 1163 2556 eiiciendum.
