3490 5296
690 403 903 464 ,85-

178 584 265 649 neris
281 585 378 650 multo
393 584 499 667 piures
516 586 617 651 adhuc
634 591 707 650 sunt
724 586 842 650 inventi
858 586 1002 668 catalogi,
1020 605 1114 668 quam
1129 586 1268 667 alterius
1292 588 1409 670 dequo

179 714 264 760 nunc
287 696 396 762 dicam.
440 698 583 763 Alterum
606 698 688 762 enim
710 716 809 779 genus
832 703 880 763 est
903 717 1011 764 eorum
1034 698 1248 780 catalogorum
1271 699 1325 780 qui
1347 700 1407 779 pri-

179 807 277 871 vatim
300 809 339 872 ab
362 809 438 890 ipsis
461 809 588 890 ephebis
611 816 668 874 aut
689 809 810 874 curretis
833 815 889 873 aut
911 809 1042 890 singulis
1064 809 1097 874 in
1119 809 1268 874 honorem
1291 827 1407 874 cosme·

180 924 232 983 tae
255 924 311 983 aut
333 914 536 1001 paedotribae
556 924 612 984 aut
635 919 747 1001 ephebi
770 919 932 984 cuiusdam
956 919 1196 1001 sculpebantur‚
1223 920 1333 993 horum
1356 922 1409 1001 qui

179 1030 336 1094 honorant
363 1032 548 1112 sumptibus.
600 1031 637 1094 In
665 1030 751 1096 hisce
780 1030 929 1112 catalogis
960 1029 1114 1095 formulae
1147 1032 1410 1113 praescriptorum

180 1146 256 1204 sunt
278 1141 392 1206 variae.
430 1141 536 1206 Veluti
557 1143 589 1206 in
614 1139 677 1203 dci.
694 1141 735 1220 ΙΙ,
756 1146 842 1206 420:
860 1139 907 1202 ἐπὶ
929 1140 1081 1228 ἄρχοντος
1095 1141 1128 1206 Λ.
1148 1140 1222 1208 cru.
1241 1139 1410 1225 Φιλοστρά-

181 1273 254 1325 του,
284 1251 530 1338 κοσρητεύοντος
555 1250 713 1336 Πρόκλου,
747 1251 776 1313 οἳ
805 1251 1102 1338 συστρερρατάρχαι
1124 1252 1177 1339 τήν
1201 1252 1315 1339 στήλην
1338 1252 1410 1313 ἀνα-

180 1362 354 1447 στήσαντες
377 1362 478 1425 τόντε
500 1363 656 1449 κοσμητὴν
672 1363 720 1423 καὶ
744 1360 815 1429 τοὺς
836 1362 1052 1450 συνάρχοντας
1073 1362 1168 1425 αὐτοῦ
1192 1364 1239 1426 καὶ
1255 1363 1326 1432 τοὺς
1343 1363 1412 1447 περὶ

181 1475 215 1534 τὺ
239 1471 409 1553 Διογένειαν
439 1474 486 1535 καὶ
514 1474 586 1542 τοὺς
611 1472 814 1558 συνεφήβους
841 1469 1031 1555 ἀνέγραφον.
1076 1473 1114 1537 In
1137 1471 1200 1536 Φιλ.
1223 1474 1250 1548 I,
1275 1479 1351 1552 522,
1376 1480 1410 1537 7:

181 1618 223 1629 -
247 1585 275 1646 οἱ
302 1581 417 1670 ἔφηβοι
447 1579 498 1649 τὸν
527 1585 648 1647 ἑαυτῶν
679 1583 835 1669 κοσρητήν
859 1583 919 1648 κτλ.
964 1583 1081 1648 Contra
1111 1584 1141 1648 in
1166 1582 1229 1650 dd.
1253 1584 1311 1664 ΙΙΙ,
1339 1589 1410 1662 350,

184 1700 218 1757 1:
245 1693 425 1779 Θράσυλλος
440 1693 601 1779 ἀνέγραψε
618 1695 669 1756 τὸν
693 1694 848 1779 σοοττὶτην
871 1694 918 1755 καὶ
941 1693 1121 1780 συνέφηβυν
1138 1692 1344 1782 Φιλαθήνοιυν
1364 1696 1412 1756 καὶ

181 1804 254 1874 τοὺς
283 1803 396 1873 ἄλλους
424 1804 627 1892 συνεφήβους
654 1804 713 1868 κτλ.
743 1841 784 1851 -
815 1804 852 1867 In
876 1804 946 1869 aliis
976 1805 1111 1886 denique
1140 1805 1273 1870 formula
1302 1805 1411 1870 eadem

181 1923 231 1981 cst
265 1935 346 1998 qnae
379 1916 510 1981 alterins
543 1917 682 1997 generis,
724 1920 757 1980 at
789 1916 816 1980 is
850 1935 888 1980 cx
920 1915 1048 1996 ephebis
1089 1916 1143 1997 qui
1176 1916 1242 1980 suis
1272 1915 1411 1999 inpensis

181 2026 293 2092 stolam
318 2026 407 2108 ponit
436 2027 621 2090 nominatim
649 2025 790 2091 adfertur
818 2026 850 2089 in
871 2025 940 2107 ipso
961 2026 1171 2107 praescripto,
1200 2026 1297 2091 veluti
1321 2026 1352 2089 in
1376 2024 1410 2089 Ο.

180 2139 205 2201 Ι.
232 2143 310 2202 272:
334 2137 386 2201 Κλ.
409 2138 555 2208 Διόδοτος
577 2140 625 2201 καὶ
651 2138 733 2203 λ’λώ.
752 2133 874 2206 Ἴθακος
903 2139 955 2224 τήν
986 2137 1110 2225 στήλην.
1153 2138 1258 2219 Atque
1286 2141 1412 2219 praeter

181 2267 235 2313 eos
259 2268 336 2331 quos
354 2250 415 2315 iam
438 2250 530 2315 attuli
554 2255 627 2320 sunt
648 2249 742 2314 huius
764 2249 902 2331 generis:
926 2247 1002 2313 01.
1020 2253 1096 2331 2703
1124 2246 1186 2310 Φιλ
1204 2250 1262 2327 ΙΙΙ,
1279 2254 1350 2324 277,
1377 2254 1410 2329 13

181 2360 351 2439 1,428,3;
375 2361 433 2435 nr,
460 2365 508 2436 ao,
534 2362 567 2439 13
591 2361 649 2438 ΠΙ,
675 2361 747 2439 444,
773 2359 886 2438 1310,
907 2363 1008 2441 73,1;
1031 2359 1221 2439 1V,ass‚a
1259 2358 1410 2440 nonique,

179 2474 216 2534 ut
239 2470 404 2535 redeamus
429 2471 512 2535 undo
534 2470 664 2552 proiecti
683 2476 807 2549 sumus,
828 2469 923 2534 huius
945 2471 1068 2551 generis
1092 2475 1141 2534 est
1163 2471 1257 2535 etiam
1273 2469 1326 2535 illc
1340 2469 1411 2533 Phi-

179 2580 298 2645 listoris
314 2580 425 2645 titulus
449 2580 488 2659 (I,
507 2585 577 2660 518,
600 2600 650 2645 no.
669 2584 712 2656 6.)
736 2580 775 2646 dc
790 2600 851 2662 quo
870 2582 985 2662 agitur.
1025 2582 1136 2663 Itaque
1158 2579 1333 2663 fragmenta
1349 2579 1412 2659 illa,

179 2692 219 2756 de
241 2691 355 2773 quibus
374 2710 469 2773 supra
486 2691 629 2771 diximus,
646 2688 713 2775 Ἕφ.
731 2691 801 2778 ἀρχ.
820 2696 901 2756 1030
919 2698 951 2758 ct
975 2696 1057 2757 3160
1081 2692 1148 2757 eius
1170 2689 1304 2756 fortasse
1326 2697 1412 2755 catan

179 2802 243 2884 logi
265 2802 438 2882 particulae
462 2807 536 2867 sunt
557 2802 720 2867 habendae
743 2803 796 2882 qui
818 2802 942 2884 publice
964 2802 1099 2883 scriptus
1122 2807 1180 2868 est.

267 2912 355 2991 Quae
385 2913 452 2995 ipse
473 2911 659 2977 Pittakisius
687 2913 720 2976 in
749 2911 923 2995 fragmento
953 2917 1062 2979 nostro
1091 2912 1246 2995 conplevit
1273 2918 1347 2978 sunt
1375 2931 1413 2977 ea

179 3040 262 3104 quac
285 3025 409 3089 silentio
433 3026 568 3089 transire
591 3024 690 3089 satius
713 3024 763 3088 sit.
1338 3009 1340 3012 ⁴

265 3135 312 3199 Dc
334 3134 423 3200 festis
447 3135 523 3217 ipsis
555 3133 592 3200 ci.
623 3153 719 3216 supra
747 3134 822 3216 Cap.
847 3136 879 3199 ΙΙ
906 3155 978 3218 pag.
1004 3141 1040 3200 61
1065 3152 1131 3218 sqq.
1163 3140 1195 3201 et
1216 3134 1412 3216 Dittenberg.

179 3247 198 3310 1.
222 3246 242 3309 l.
266 3264 337 3326 pag.
362 3250 508 3310 60-74.
553 3246 659 3310 Pauca
688 3245 814 3311 adnoto.
862 3246 913 3311 Vs.
939 3253 957 3312 3
987 3264 1044 3326 pro
1069 3253 1099 3325 Ε
1129 3246 1240 3328 scripsi
1263 3247 1306 3324 Ε,
1335 3244 1412 3330 quia

179 3356 323 3423 Pittakis.
359 3357 576 3439 apographum
608 3348 740 3439 praebet
774 3361 826 3440 03
866 3358 1012 3426 videntur
1045 3380 1119 3444 ergo
1155 3366 1185 3438 Ε
1219 3364 1252 3423 et
1282 3365 1309 3436 Ε
1342 3376 1412 3444 pro·

179 3470 298 3533 rniscue
320 3468 352 3532 in
371 3468 476 3549 lapide
492 3474 654 3548 usurpata.
678 3506 719 3516 —
749 3469 799 3536 Vs.
819 3474 867 3536 12.
901 3467 1100 3557 Ἀρφιαροίαν
1116 3474 1187 3538 dedi
1203 3474 1276 3556 quia
1292 3478 1412 3538 utrum·

180 3597 242 3659 quc
263 3580 337 3643 Pitt.
361 3578 575 3661 apographum
597 3586 629 3659 Α
658 3582 791 3648 exhibet.
837 3583 994 3647 Philistor.
1023 3584 1070 3647 tit.
1093 3583 1190 3649 habet
1206 3581 1407 3668 Ἆρφιεράον,

180 3708 261 3770 quac
284 3688 384 3754 forma
407 3692 502 3756 ctiam
525 3693 556 3757 in
584 3691 647 3758 dci.
671 3693 730 3772 ΙΙΙ,
755 3698 831 3776 555,
854 3693 880 3774 Ι,
905 3698 976 3775 517,
1000 3699 1018 3759 3
1048 3695 1219 3774 invonitur3
1248 3698 1358 3760 contra
1380 3695 1411 3759 in

183 3798 246 3862 Φιλ.
270 3801 325 3881 IV,
349 3807 420 3882 559,
445 3809 460 3867 1
486 3804 602 3885 iegitur
619 3799 845 3901 'Aprpcucpstoa
868 3805 952 3886 quod
971 3823 1067 3887 prave
1083 3805 1234 3888 scriptum
1250 3824 1320 3871 esse
1343 3824 1411 3871 cen-

182 3930 235 3978 seo
257 3931 314 3994 pro
332 3908 547 3998 Ἆρφιεραΐων.
816 3997 820 4001 ¹

268 4025 379 4088 Annus
402 4024 537 4105 denique
559 4025 643 4089 tituli
664 4024 841 4090 Philistoris
863 4025 1026 4108 nostrique
1056 4025 1223 4108 fragmenti
1249 4026 1414 4107 adparebit

182 4130 262 4198 infra
282 4134 315 4198 in
340 4132 416 4216 Cap.
439 4135 477 4201 V.
