3490 5296
836 331 1068 394 -102—

341 519 525 590 statuamus,
544 516 631 597 quod
654 534 692 581 ει
714 513 917 582 similitudine
939 514 1008 603 eius
1029 513 1172 581 vocabuli
1194 516 1278 596 quod
1299 535 1410 582 reuera
1437 516 1573 599 sculpsit

340 626 462 692 eteius
483 627 568 707 quod
590 625 725 693 debebat
747 626 889 709 sculpere
911 625 1069 693 nonlicet
1090 631 1249 709 repetere3
1272 626 1352 691 haut
1374 628 1457 692 enim
1478 626 1574 694 facile

340 736 411 817 quis
443 754 501 819 pro
535 733 636 818 Pap*
663 734 782 802 scribat
813 733 848 798 ἐκ
877 734 1016 822 qup'.
1066 735 1182 802 Utrum
1212 755 1286 803 vero
1320 738 1353 803 in
1373 736 1433 820 itit.
1464 738 1493 803 A
1529 757 1576 804 an

340 847 374 913 in
407 847 455 913 tit.
478 847 505 912 B
532 847 643 913 uitium
669 846 831 929 sculpendi
859 846 901 913 sit
929 847 1119 914 conmissum
1146 866 1210 915 non
1237 853 1333 932 patet.
1378 849 1576 915 Crediderim

340 957 374 1022 in
403 956 452 1023 ut.
477 957 517 1022 A.
568 955 701 1023 Gentem
729 956 812 1023 enirn
845 958 1006 1040 quandam
1029 958 1249 1042 mysticorum.
1273 960 1363 1025 demo
1392 958 1579 1047 Γαργηττότ
1660 1037 1662 1041 .

342 1067 533 1150 adscriptam
553 1066 652 1134 fuisse
673 1068 872 1150 cognoscitur
894 1087 932 1134 ει
953 1068 1075 1134 Philist.
1100 1068 1127 1150 Ι,
1152 1075 1223 1147 384,
1246 1076 1275 1151 4,
1298 1070 1353 1136 ubi
1374 1071 1456 1138 inter
1479 1071 1576 1153 ephe·

341 1180 398 1245 bos
430 1182 505 1244 sunt
532 1174 743 1264 Ἀφρεδείσιος
770 1178 924 1242 Μυστικοῦ
952 1176 1144 1266 Γαργήττιος
1171 1184 1204 1247 et
1234 1179 1394 1251 Μυστικὸς
1415 1181 1574 1246 Μυστικοῦ

342 1287 541 1378 Γαργήττιος.

426 1400 569 1483 Denique
597 1401 630 1466 in
656 1402 706 1467 tit.
730 1403 758 1468 A
786 1403 914 1486 utrique
943 1403 1155 1486 systremmati
1181 1404 1403 1472 adscribuntur
1424 1405 1577 1487 quaterni

343 1509 571 1598 σωφρονισταίε
601 1510 783 1579 efficiuntur
804 1531 879 1596 ergo
901 1517 971 1581 octo
996 1515 1220 1597 sophronistee.
1266 1516 1310 1582 At
1331 1516 1368 1581 in>
1390 1516 1491 1581 titulis
1518 1516 1578 1580 im-

342 1626 525 1706 peratorum
546 1627 651 1689 aetate
672 1624 797 1707 scriptis
820 1642 875 1691 εει
905 1643 1029 1708 semper
1056 1626 1273 1708 sophronistee
1302 1625 1496 1707 totidemque
1518 1627 1577 1709 hy-

346 1734 607 1819 posophronistae
630 1741 841 1804 recensentur.
887 1738 1000 1819 Itaque
1029 1738 1079 1803 uel
1105 1737 1178 1803 inde
1206 1735 1242 1803 fit
1271 1736 1441 1803 verisimile
1465 1754 1578 1803 vocem
1710 1802 1714 1809 .

347 1846 599 1935 sooppourorac'«
623 1847 674 1915 hic
695 1847 939 1931 intellegendam
961 1866 1031 1916 esse
1053 1867 1091 1914 ea
1112 1848 1224 1914 latiore
1246 1848 1277 1914 vi
1305 1866 1342 1914 ec
1363 1848 1490 1914 notione
1512 1868 1579 1931 qua

345 1955 560 2040 sophronistee
574 1958 701 2041 proprie
712 1958 812 2026 dictos
829 1963 861 2026 et
874 1958 1173 2042 hyposophronistas
1188 1958 1410 2040 conplectatur.
1447 1960 1490 2024 Et
1504 1977 1579 2043 pro-

346 2066 428 2135 iecto
449 2067 509 2135 hoc
522 2067 667 2135 firmatur
695 2069 743 2135 tit.
766 2070 803 2134 B.
846 2070 896 2136 Ibi
923 2071 1125 2137 inveniuntur
1147 2108 1189 2118 -
1211 2075 1289 2152 quot
1310 2071 1511 2154 postulantur
1532 2106 1578 2119 -

348 2197 403 2247 εει
425 2179 641 2261 sophronistee
663 2185 696 2246 et
718 2198 772 2246 εει
793 2181 1111 2264 hyposophronistae‚
1141 2187 1174 2247 et
1194 2183 1330 2249 redeunt
1350 2181 1397 2246 illi
1417 2182 1451 2246 in
1473 2182 1522 2247 tit.
1546 2181 1578 2247 A

347 2290 569 2358 conmemorati
583 2289 800 2374 sophronistee
814 2293 930 2374 partim
944 2292 1027 2357 inter
1048 2292 1273 2374 sophronistee,
1296 2293 1411 2374 partim
1422 2292 1506 2358 inter
1519 2293 1577 2374 hy-

347 2401 615 2484 posophronistas.
652 2401 696 2467 At
710 2420 773 2468 non
794 2420 902 2468 omnes
925 2403 1143 2484 sophronistee
1164 2403 1218 2484 qui
1239 2403 1273 2467 in
1294 2403 1342 2468 tit.
1362 2402 1392 2467 A
1414 2420 1579 2469 recensen-

348 2518 402 2579 tur
415 2513 561 2580 videntur
582 2513 686 2580 redire
706 2513 739 2578 in
761 2514 810 2579 tit.
830 2515 874 2579 B:
897 2513 1035 2578 Primum
1054 2533 1117 2580 non
1140 2513 1383 2597 deprehenditur
1405 2514 1459 2594 qui
1473 2531 1518 2579 vs.
1536 2517 1578 2578 25

350 2625 395 2707 (in
413 2624 460 2689 tit
475 2624 517 2706 A)
540 2627 669 2692 vocatur
682 2622 735 2689 Κλ.
749 2621 928 2710 Στέφανεςι
951 2624 1015 2689 tale
1029 2643 1142 2691 nornen
1155 2625 1187 2691 in
1210 2625 1257 2690 tit.
1275 2625 1301 2689 B
1317 2643 1418 2707 neque
1432 2625 1516 2690 inter
1530 2642 1581 2690 so-

349 2735 529 2819 phronistas
544 2753 645 2818 neque
659 2735 742 2801 inter
755 2735 1055 2818 hyposophronistas
1079 2735 1244 2818 reperitur.
1280 2734 1395 2817 Itaque
1410 2735 1520 2800 vitium
1534 2735 1579 2800 la·

350 2851 419 2913 tere
434 2849 567 2928 oportet,
589 2845 683 2927 idque
697 2863 767 2912 meo
782 2845 897 2912 iudicio
912 2845 945 2911 in
958 2846 1009 2911 tit.
1024 2846 1052 2911 A
1074 2863 1117 2911 vs.
1136 2850 1191 2910 25:
1207 2846 1234 2910 is
1250 2845 1333 2913 enirn
1347 2863 1457 2913 versus
1471 2845 1579 2912 laesus

352 2957 385 3022 in
399 2956 502 3037 lapide
519 2973 588 3022 esse
609 2955 746 3039 videtur3
772 2956 888 3039 quippe
902 2960 967 3022 tres
982 2955 1026 3022 ibi
1041 2957 1262 3023 antecedentes
1278 2956 1495 3038 sophronistee
1518 2956 1578 3042 (vs.

353 3064 494 3152 22-24)
509 3065 627 3132 habent
640 3066 740 3148 patris
756 3071 788 3132 et
810 3067 892 3132 demi
907 3067 1042 3149 nomina,
1065 3086 1146 3149 quae
1167 3085 1214 3133 vs,
1231 3071 1272 3131 25
1295 3067 1418 3133 desunt.
1463 3067 1531 3132 Iam
1553 3067 1581 3131 si

353 3176 533 3260 quaerimus
548 3176 633 3259 quod
646 3194 759 3242 nomen
775 3177 808 3242 in
823 3177 871 3242 tit.
887 3178 914 3242 Β
936 3178 1018 3242 inter
1034 3177 1250 3258 sophronistas
1266 3181 1322 3241 aut
1335 3176 1582 3258 hyposophroni-

355 3293 421 3355 stas
432 3287 610 3354 inveniatur
621 3287 705 3367 quod
716 3286 927 3354 similitudinis
939 3288 1075 3370 speciem
1086 3288 1202 3352 habeat
1213 3283 1463 3372 εεεεΣτέφενος,
1475 3305 1582 3353 occur-

355 3399 400 3466 rit
413 3418 458 3466 vs.
476 3403 515 3464 16
533 3393 723 3484 Ἐπέραστος
738 3396 873 3484 (Φίρμου
888 3396 1102 3487 Γαργήττιος).
1136 3397 1200 3466 Fac
1217 3399 1299 3463 euim
1315 3397 1530 3464 Cumanudem
1552 3398 1585 3463 in

356 3518 387 3585 A
408 3536 454 3585 us.
477 3521 517 3583 25
538 3535 596 3600 pro
625 3497 963 3615 euspAcToc
995 3513 1110 3598 legisse
1131 3515 1252 3582 laesum
1273 3534 1386 3582 nomen

627 3632 693 3708 cl·
711 3614 814 3706 ΕΡᾹ
837 3690 845 3708 ,
869 3633 878 3705 Ι
898 3630 965 3706 oc
978 3658 986 3719 ;
1001 3632 1091 3711 patet
1105 3646 1200 3711 quarn
1217 3626 1307 3694 facile
1329 3625 1434 3692 induci
1448 3624 1588 3707 potuerit

358 3747 395 3810 ut
631 3728 813 3825 (ΤΕΦᾸ
850 3745 969 3825 ΝΟ(
1001 3745 1154 3825 scriptum
1180 3742 1278 3809 fuisse
1305 3745 1441 3824 putaret.
1489 3739 1588 3822 Equi-

360 3855 431 3920 dem
463 3875 520 3937 pro
549 3872 699 3936 persuaso
732 3854 833 3921 habeo
862 3854 940 3919 illud
968 3874 1082 3921 nomen
1103 3853 1269 3939 Στέφανος
1290 3853 1389 3919 latere
1410 3852 1442 3917 in
1460 3846 1588 3937 Ἐπέρα-

360 3989 442 4036 στος.
486 3966 591 4047 Atque
613 3966 713 4033 simile
739 3967 816 4047 quid
837 3967 1039 4033 statuendum
1062 3970 1111 4032 est
1132 3964 1165 4030 in
1191 3964 1316 4030 nomine
1333 3958 1587 4047 Ἐπαφρόὸειτοτ,

360 4077 415 4158 qui
435 4075 469 4142 in
490 4076 538 4142 tit.
560 4076 589 4141 A
609 4093 655 4141 vs.
675 4079 714 4140 26
737 4076 830 4141 alteri
851 4075 1062 4158 systremmati
1084 4074 1275 4141 adscribitur
1296 4073 1511 4155 sophronista,
1535 4091 1590 4138 ne·

361 4204 424 4268 que
452 4191 557 4252 tamen
584 4187 616 4252 in
642 4188 691 4252 tit.
715 4185 745 4251 B
773 4190 829 4251 aut
856 4186 889 4251 in
916 4185 1122 4268 sophronistis
1151 4189 1207 4250 aut
1237 4185 1271 4249 in
1298 4182 1589 4265 hyposophronistis

362 4298 528 4365 invenitur.
562 4299 606 4364 Et
619 4296 670 4365 hic
692 4317 767 4381 ergo
781 4282 892 4365 vitium
913 4296 1115 4363 statuendum
1138 4300 1187 4361 est
1203 4299 1236 4361 et
1250 4294 1376 4378 quidem
1390 4293 1449 4361 hoc
1465 4312 1590 4377 quoque

362 4409 397 4474 in
428 4410 477 4476 tit.
507 4410 545 4489 A,
577 4427 622 4476 vs
646 4412 703 4474 26:
736 4426 809 4474 narn
838 4412 871 4474 et
896 4408 924 4473 is
954 4424 1064 4473 versus
1093 4405 1222 4470 mutilus
1251 4422 1320 4470 esse
1349 4403 1491 4483 videtur,
1517 4403 1590 4483 quia

364 4538 435 4588 curn
458 4520 571 4588 ceteris
598 4520 643 4590 ibi
673 4525 732 4598 (vs.
756 4522 806 4586 25.
831 4523 881 4586 27.
904 4522 959 4596 28)
982 4515 1144 4584 recensitis
1167 4514 1373 4598 sophronistis
1398 4513 1507 4582 addita
1528 4512 1590 4580 sint
