3510 5304
645 432 858 498 *³33-

137 619 271 685 aliorum
292 619 325 685 in
347 620 508 702 gymnasio
530 618 771 702 magistratuum
794 616 967 697 sunttbui
982 634 1058 684 sane
1080 621 1130 684 est
1144 617 1242 684 mirus
1266 635 1367 684 casus.

138 729 204 797 Sed
227 749 298 796 cum
322 736 408 798 certa
438 732 538 815 eaque
565 747 647 812 quae
674 727 887 811 persuadeant
915 733 1100 811 argumenta
1129 728 1232 796 adhuc
1255 729 1368 812 desint,

137 860 197 925 ego
219 842 286 923 ipse
309 860 371 908 non
394 839 524 909 confido.
569 841 617 908 De
638 841 814 925 peregrinis
836 844 954 923 autern,
977 840 1061 924 quod
1083 840 1146 906 iam
1168 859 1265 924 supra
1295 839 1368 920 dixi,

136 954 206 1020 sine
229 953 426 1021 dubitatione
449 954 674 1022 contenderim.

225 1064 375 1148 Sequitur
396 1069 434 1131 ut
456 1066 495 1132 de
517 1065 764 1149 gymnasiarchis
789 1063 991 1130 disseramus.
1031 1063 1113 1130 Nam
1135 1082 1217 1147 quae
1245 1064 1368 1130 Ditten-

135 1176 291 1258 bergerus
320 1176 359 1242 de
387 1176 436 1242 his
464 1178 596 1260 protulit
625 1176 659 1264 (i.
682 1178 702 1242 l.
724 1160 795 1261 pag.
816 1181 857 1242 40
887 1181 970 1259 sqq.)
997 1176 1090 1258 plane
1119 1193 1182 1241 non
1214 1182 1300 1243 recte
1333 1193 1368 1243 se

135 1287 264 1354 habent.
294 1325 338 1336 —
380 1289 566 1355 Rectissime
595 1307 672 1355 sane
702 1287 815 1355 statuit
844 1287 995 1353 adcurate
1010 1285 1262 1354 vdiscernendum
1297 1304 1366 1355 esse

134 1399 220 1465 inter
253 1399 370 1466 liberae
402 1400 593 1483 reipublicae
626 1402 659 1465 et
691 1400 917 1482 imperatorum
950 1399 1063 1465 aetatis
1095 1399 1365 1482 gymnasiarchos3

136 1510 316 1578 Boeckhius
338 1514 379 1578 ad
402 1511 436 1577 O.
461 1512 486 1578 Ι.
510 1531 556 1593 gr.
579 1531 610 1576 n.
635 1515 696 1576 202
718 1510 827 1593 paucis
849 1510 953 1577 verbis
974 1528 1042 1575 rem
1064 1511 1108 1577 sic
1131 1509 1284 1576 definivit:
1315 1511 1366 1575 ain

134 1626 245 1688 vetere
267 1622 429 1704 republica
450 1622 701 1706 gymnasiarchia
721 1642 785 1688 non
812 1623 1016 1706 magistratus
1038 1620 1114 1703 fuit,
1144 1621 1200 1688 sed
1221 1622 1365 1704 liturgia;

132 1732 361 1813 imperatorum
383 1738 489 1800 aetate
510 1735 715 1819 magistratus
738 1738 949 1800 menstruus«
984 1733 1086 1812 Quam
1110 1733 1299 1799 sententiam
1321 1735 1366 1798 in-

64 1917 68 1923 *
132 1848 259 1926 tegnam
281 1848 389 1911 tuetur
410 1844 682 1927 Dittenbargerus.
727 1844 771 1911 At
792 1864 854 1912 non
876 1846 954 1927 iure,
982 1862 1103 1912 censeo.
1148 1844 1274 1910 Etenim
1301 1862 1364 1911 nun

134 1956 220 2020 omni
243 1974 280 2021 ex
302 1960 393 2039 parte
415 1956 572 2025 sententia
593 1956 647 2021 ille
670 1961 719 2022 est
740 1957 834 2023 iusta.

222 2069 305 2134 Ante
327 2068 431 2135 omnia
452 2069 677 2151 imperatorum
699 2073 804 2135 aetate
833 2066 985 2134 adcurate
1014 2066 1254 2134 discernendum
1280 2067 1364 2133 inter

50 2220 55 2228 -
131 2179 293 2261 publicam
316 2183 348 2245 et
370 2178 551 2263 ephebicam
565 2180 858 2263 gymnasiarchiam.
892 2179 982 2257 Quod
998 2198 1069 2246 cum
1084 2197 1146 2245 non
1162 2182 1362 2261 perspectum

135 2296 232 2373 esset,
255 2292 355 2357 omnis
377 2293 409 2357 in
430 2292 490 2358 hac
511 2311 547 2358 re
567 2292 762 2374 perturbatio
786 2296 835 2359 est
857 2296 935 2357 orta.
978 2292 1117 2357 Primum
1145 2291 1184 2357 de
1213 2289 1363 2373 ephebica

132 2402 394 2484 gymnasiarchia‚
416 2402 449 2467 id
472 2408 522 2468 est
543 2402 582 2469 de
599 2404 644 2469 eis
670 2403 916 2486 gymnasiarcbis
938 2403 992 2484 qui
1014 2404 1046 2468 in
1076 2403 1234 2487 ephebicis
1262 2401 1363 2467 titulis

132 2519 424 2596 conmemorantur‚
455 2514 603 2581 dicemus,
654 2515 824 2594 Quaeritur
853 2514 929 2597 quid
958 2515 1084 2591 omnino
1112 2513 1363 2598 gymnasiarcbia

131 2623 298 2707 significet.
342 2626 476 2694 Liberae
505 2627 697 2709 reipublicae
727 2630 869 2707 tempore
897 2626 930 2691 id
959 2625 1268 2709 gymnasiarchorum
1296 2643 1362 2690 mu-

32 2724 35 2728 ’
130 2755 193 2803 nus
215 2736 313 2803 fuisse
336 2742 461 2804 constat
482 2742 519 2804 ut
541 2738 635 2804 certis
650 2737 847 2818 quibusdam
869 2737 969 2803 sacris
992 2736 1097 2802 omnia
1111 2754 1192 2819 quae
1208 2737 1248 2803 ad
1265 2742 1362 2802 certa·

130 2848 219 2913 mina
240 2848 395 2931 quaedem
417 2866 496 2929 opus
519 2854 626 2915 essent
645 2854 804 2931 pararent,
827 2848 980 2930 imprimis
1008 2848 1093 2931 ipsos
1125 2848 1179 2929 qui
1211 2848 1363 2915 certaturi

131 2964 240 3026 essent
263 2958 329 3025 suis
350 2961 499 3043 impensis
523 2959 644 3026 alerent
666 2965 699 3027 et
726 2965 917 3045 exercerent,
946 2960 1081 3040 denique
1110 2960 1214 3026 oleum
1241 2959 1363 3025 luctan-

131 3069 219 3135 tibus
242 3070 477 3140 distribuerent.
522 3071 623 3150 Quam
645 3070 912 3153 gymnasiarchiae
934 3071 1103 3136 notionem
1121 3070 1154 3135 in
1182 3070 1362 3136 uniuersum

132 3180 263 3261 quidem
285 3182 380 3247 etiam
402 3182 627 3264 imperatorum
649 3185 754 3248 aetate
775 3181 965 3248 remansisse
985 3182 1080 3265 idque
1108 3181 1141 3246 in
1171 3181 1362 3264 epheborum

131 3292 296 3375 gymnasio
319 3293 489 3360 contendo:
513 3293 654 3377 ephebici
669 3294 898 3377 gymnasiarchi
914 3298 1005 3360 erant
1018 3295 1042 3358 ii
1064 3293 1118 3376 qui
1132 3311 1189 3375 per
1205 3293 1362 3376 quoddam

129 3404 282 3487 temporis
304 3404 440 3485 spatium
463 3423 669 3489 quaecunque
691 3404 820 3486 ephebis
842 3405 874 3471 in
896 3405 1059 3488 gymnasio
1075 3423 1155 3486 opus
1171 3410 1278 3471 essent
1293 3404 1360 3470 suis

130 3516 283 3598 impensis
306 3519 463 3597 pararent,
494 3516 691 3598 potissimum
721 3517 824 3583 oleum
850 3518 1049 3599 praeberent.
1105 3517 1209 3599 Atque
1237 3516 1362 3582 omnino

131 3645 195 3693 vox
225 3626 464 3715 γυμνασιαρχεῖν
493 3625 666 3709 significat,
693 3646 751 3709 per
779 3626 937 3708 quoddam
969 3633 1093 3710 tempus
1123 3627 1277 3721 quasdam
1305 3628 1360 3692 im-

131 3755 248 3820 pensas
276 3737 437 3820 praebere.
487 3737 578 3816 Quod
608 3737 830 3821 comprobatur
857 3738 950 3805 titulo
976 3737 1039 3804 Φιλ.
1070 3739 1225 3820 ΙΙΙ,444,
1250 3743 1278 3816 1,
1307 3738 1362 3806 ubi

131 3867 178 3916 vs,
204 3854 245 3915 33
267 3849 346 3915 haee
373 3848 516 3930 legimus,
548 3847 582 3911 ἐκ
610 3853 672 3912 τῶν
703 3849 984 3935 σεβαστοφορικῶν
1012 3848 1108 3936 ἐδόθη
1139 3848 1269 3937 διανομὴ
1299 3853 1364 3919 τοῖς

135 3958 337 4049 ἐφήβοις-
360 3959 408 4021 καὶ
431 3958 490 4029 εἰς
519 3959 585 4022 τὸν
615 3958 862 4048 ἐνδεῆσαντα
885 3950 1035 4049 χρόνον
1058 3958 1101 4033 ἐξ
1120 3958 1245 4023 αὐτῶν
1274 3958 1362 4043 dyo·

129 4092 304 4157 praecep
307 4066 443 4159 27¹qu
467 4071 552 4153 quod
574 4071 652 4136 nihil
674 4076 780 4155 potest
795 4071 972 4155 significare
993 4071 1062 4154 nisi,
1086 4087 1123 4137 eo
1146 4075 1286 4154 tempore
1301 4090 1363 4154 quo

204 4303 214 4336 ¹
231 4304 330 4356 Eodem
348 4302 374 4354 in
394 4301 468 4354 titulo
486 4318 543 4354 oum
562 4302 670 4370 singulis
687 4304 887 4371 gymnasiarchie
905 4303 1057 4370 adscriptum
1074 4301 1107 4352 sit
1124 4305 1242 4366 quantum
1256 4298 1365 4365 quisque

132 4391 255 4459 temporis
274 4390 387 4457 spatium
405 4390 631 4456 gymnasiarchiam
649 4391 813 4458 praestiterit,
831 4390 968 4444 uidendum
986 4396 1026 4442 est
1043 4394 1163 4454 quantum
1182 4385 1241 4437 anni
1262 4391 1362 4452 tempus

138 4476 339 4545 gymnasiarchis
364 4476 479 4527 caruerit.
515 4475 615 4528 Primus
640 4485 770 4543 quattuor,
793 4485 890 4544 septem
913 4476 956 4542 qui
979 4482 1096 4527 secuntur
1119 4471 1232 4539 singulos
1254 4486 1362 4534 menses,

133 4581 214 4616 nonne
233 4561 357 4632 »ἡμέρας
390 4560 441 4626 7²«,
461 4563 574 4615 decimus
594 4564 680 4616 decem
694 4563 748 4616 dies
766 4561 884 4631 (ἡμέρας
904 4561 944 4630 Ῐ)
964 4560 990 4612 in
1008 4574 1112 4616 munere
1129 4558 1186 4610 fuit.
1223 4556 1251 4609 si
1269 4572 1363 4608 nonum

134 4667 183 4703 non
205 4650 321 4719 respicis,
339 4650 418 4703 hebes
441 4648 558 4701 undecim
576 4666 676 4703 menses
701 4649 788 4702 decem
811 4648 880 4700 dies:
905 4645 1079 4698 desiderantum
1100 4654 1161 4712 ergo
1184 4642 1273 4712 vigr‘nti
1299 4643 1362 4695 diae.

1191 4729 1209 4785 ὃ
